4764 7176
203 562 410 670 manach
446 558 592 663 etiam
626 598 669 662 a.
709 590 820 678 1300
856 551 1035 657 horum
1066 548 1374 684 planetarum
1411 547 1546 653 locus
1581 547 1914 684 adsignatur,
1959 587 2060 655 vere

204 750 463 866 computus
497 723 807 861 amplectitur
832 728 897 822 60
923 719 1002 823 vel
1025 728 1089 848 84
1116 736 1162 820 et
1188 726 1251 819 80
1283 714 1556 851 respective
1593 755 1877 821 annorum.
1924 711 2063 848 Quod

203 898 406 1036 quidem
441 895 622 1000 lactum
660 910 744 1008 est,
790 909 926 1026 puto,
972 907 1028 990 ut
1076 922 1313 988 numerus
1355 923 1598 990 annorum
1641 883 2063 992 bissextiliumin

204 1066 361 1203 prima
397 1042 706 1168 revolutione
730 1057 790 1161 sit
827 1055 1115 1191 completus.
1157 1053 1399 1158 Attamen
1437 1053 1618 1157 mirum
1654 1075 1730 1160 est
1770 1054 1936 1190 quod
1972 1054 2064 1160 Pro

203 1231 351 1336 lacius
383 1226 498 1332 nihil
530 1227 656 1332 dicat
686 1226 736 1331 in
768 1223 1039 1359 proposito:
1070 1260 1306 1326 numerus
1345 1220 1476 1325 enirn
1507 1260 1584 1324 an.
1620 1220 1812 1331 bissex.
1852 1242 1943 1327 sat
1976 1262 2064 1327 con·

204 1383 371 1503 turbat
392 1393 775 1531 supputationes.
804 1389 1175 1527 Inaequalitates
1195 1428 1365 1494 cursus
1383 1389 1690 1524 planetarum
1717 1390 1772 1494 in
1803 1390 2064 1499 almanadr

203 1563 404 1671 Prolacii
442 1573 822 1698 compensantur
859 1558 1126 1661 multorum
1162 1596 1405 1661 annorum
1441 1558 1762 1677 revolutione,
1811 1598 1932 1697 qua
1979 1601 2065 1698 per·

203 1734 339 1852 fecta,
375 1731 559 1837 reditur
593 1727 691 1835 lere
727 1726 793 1832 ad
830 1746 1072 1863 punctum
1108 1724 1283 1830 initiale
1320 1722 1542 1845 Zodiaci;
1577 1764 1738 1862 quum
1761 1749 1965 1834 autem
1990 1731 2066 1867 pla·

204 1924 346 2007 netae
382 1939 554 2005 omnes
584 1915 874 2003 moveantur
907 1894 957 1999 in
992 1894 1090 1998 suis
1123 1891 1362 2031 epicyclis,
1394 1932 1608 2030 quorum
1641 1916 1892 2005 centrum
1935 1899 2068 2005 estin

206 2067 495 2180 eccentricis,
532 2065 624 2203 ipsi
661 2064 809 2169 modo
846 2059 1229 2200 progrediuntur
1263 2059 1312 2163 in
1349 2060 1428 2164 via
1465 2101 1553 2165 sua
1578 2062 1730 2167 modo
1769 2103 2069 2204 regressum

204 2238 401 2342 habent.
442 2232 598 2368 Quod
636 2233 779 2369 plane
815 2228 968 2336 videri
1004 2250 1164 2366 potest
1198 2228 1248 2334 in
1285 2226 1368 2365 fig.
1408 2267 1431 2356 3
1467 2251 1518 2334 et
1554 2274 1588 2362 4
1624 2231 1688 2334 ab
1716 2229 1943 2371 Opusc.
1971 2277 2070 2345 meo

204 2407 300 2512 iam
337 2405 480 2511 citato
517 2399 836 2540 depromptis.
1635 2401 1639 2411 ’

312 2677 397 2767 Pag.
422 2680 453 2762 3,
476 2676 535 2743 lin.
558 2692 611 2760 47.
635 2671 856 2751 ...Quando
872 2681 989 2737 autem
1005 2671 1095 2736 scire
1111 2669 1261 2737 volueris
1277 2672 1395 2737 locum
1411 2671 1571 2752 Veneris,
1587 2672 1756 2740 subtrahe
1776 2677 1834 2744 ab
1853 2680 1970 2746 annis
1985 2680 2070 2747 Chri-

203 2781 245 2848 sti
266 2782 350 2847 1300
366 2791 496 2845 etcum
512 2777 651 2843 residuo
674 2777 766 2840 intra
788 2773 943 2839 tabulam
966 2774 1041 2840 eius
1063 2773 1111 2838 ad
1134 2794 1261 2839 annum
1276 2772 1514 2862 subscriptum
1537 2787 1572 2840 et
1596 2776 1689 2841 diem
1713 2787 1751 2844 et
1767 2779 1966 2847 mensium
1982 2803 2069 2869 quen

203 2882 356 2950 volueris
372 2893 408 2946 et
423 2881 483 2947 ubi
500 2877 740 2946 concurrerint
761 2877 808 2943 ibi
830 2888 931 2942 erunt
953 2875 1146 2941 secundum
1168 2874 1303 2964 signum
1325 2877 1474 2963 gradum
1492 2888 1528 2942 et
1545 2877 1712 2944 minutum
1728 2879 1765 2944 in
1782 2891 1874 2948 tota
1891 2884 1954 2949 sui
1972 2885 2069 2970 prims

203 2987 430 3055 revolutione.
454 2985 490 3052 Si
513 2996 630 3050 autem
653 2982 841 3068 plusquam
866 2982 885 3045 8
907 2978 1081 3046 inveneris
1104 2977 1205 3044 abice
1231 2981 1248 3045 8
1273 2980 1440 3066 quociens
1464 2980 1609 3064 poteris,
1625 2983 1684 3068 qui
1701 2996 1784 3048 sunt
1813 2987 1912 3051 anni
1939 2989 2069 3056 revolu-

204 3089 305 3155 tionis
329 3100 363 3152 et
385 3088 475 3152 intra
499 3108 577 3152 cum
600 3083 752 3151 residuo.
775 3081 843 3149 Pro
866 3082 1024 3170 qualibet
1046 3091 1162 3147 autem
1193 3081 1410 3147 revolutione
1441 3083 1516 3147 eius
1547 3083 1716 3167 preterita
1748 3086 1889 3174 accipe
1926 3091 1942 3155 l
1972 3112 2025 3179 gr.
2044 3103 2070 3154 et

203 3193 247 3259 30
267 3191 347 3256 min.
367 3209 459 3277 quae
474 3186 576 3254 simul
590 3186 725 3253 iaciunt
747 3187 790 3253 90
814 3184 892 3252 min.
917 3196 953 3251 et
974 3184 1095 3251 divide
1117 3204 1179 3268 per
1203 3184 1245 3255 37
1271 3204 1361 3270 quae
1384 3195 1464 3249 sunt
1487 3195 1601 3249 motus
1623 3188 1829 3275 argumenti
1857 3189 1943 3256 eius
1960 3192 1997 3256 in
2010 3214 2069 3258 una

204 3293 263 3360 die
286 3302 323 3358 et
344 3311 507 3355 numerus
538 3288 705 3376 quociens
733 3288 792 3375 qui
820 3286 901 3351 inde
925 3285 1041 3364 exibit,
1064 3287 1162 3352 facta
1194 3285 1371 3362 divisione,
1395 3298 1495 3351 erunt
1527 3285 1611 3353 dies.
1635 3287 1673 3353 Si
1695 3287 1805 3376 igitur
1833 3291 1908 3358 iste
1936 3294 2070 3381 planeta

204 3395 306 3460 suerit
321 3393 486 3470 directus,
503 3390 595 3456 adde
611 3410 791 3455 numerum
807 3387 941 3455 dierum
954 3387 1098 3453 istorum
1113 3408 1205 3454 nunc
1219 3399 1445 3472 acceptorum
1461 3410 1606 3456 numero
1622 3389 1757 3456 dierum
1775 3393 1888 3477 prius
1899 3395 1941 3460 in
1959 3397 2069 3463 tabula

202 3497 420 3563 inventorum
442 3506 478 3560 et
500 3493 656 3562 invenies
678 3492 714 3556 in
736 3490 873 3557 directo
890 3489 1023 3556 dierum
1038 3490 1182 3555 istorum
1198 3490 1398 3556 additorum
1414 3491 1530 3557 locum
1545 3491 1620 3558 eins
1636 3512 1759 3559 verum
1773 3494 1814 3559 in
1832 3497 1977 3566 tabula
1998 3500 2069 3565 eius

205 3596 314 3675 Quod
337 3596 365 3662 si
387 3597 475 3661 inter
497 3594 558 3661 illa
581 3593 651 3661 duo
673 3593 752 3661 loca
775 3614 865 3680 quae
888 3603 969 3658 sunt
990 3593 1081 3657 inter
1103 3593 1164 3657 illa
1189 3593 1258 3660 duo
1282 3603 1442 3678 tempora
1465 3592 1641 3660 invenitur
1663 3595 1774 3661 maior
1796 3617 1987 3668 numerus
1998 3624 2071 3691 gra-

204 3701 311 3766 duum
333 3709 369 3764 et
391 3697 609 3775 minutorum,
633 3717 739 3782 quam
761 3697 805 3762 sit
826 3714 989 3761 numerus
1018 3694 1191 3783 graduum
1219 3706 1254 3760 et
1275 3695 1486 3760 minutorum
1510 3716 1634 3762 cursus
1656 3694 1739 3762 solis
1762 3697 1798 3764 in
1826 3699 1973 3768 diebus
1999 3704 2070 3782 illis,

204 3800 370 3867 subtrahe
392 3819 533 3865 cursum
556 3797 639 3864 solis
663 3820 683 3863 a
706 3819 811 3864 cursu
834 3796 983 3863 Veneris
1000 3807 1035 3861 et
1051 3797 1147 3883 quod
1162 3807 1319 3863 remanet
1334 3797 1400 3862 erit
1416 3798 1597 3884 quantitas
1622 3797 1770 3865 Veneris
1788 3802 1916 3870 maior
1940 3805 2071 3873 ratione

204 3905 258 3970 sni
282 3901 489 3989 argumenti.
513 3897 619 3967 Adde
643 3920 727 3988 ergo
749 3900 816 3965 hoc
838 3899 945 3986 priori
969 3899 1048 3966 loco
1079 3899 1221 3965 invento
1245 3910 1279 3965 et
1301 3899 1449 3966 habebis
1472 3900 1590 3967 locum
1618 3900 1691 3968 eius
1722 3923 1866 3970 verum.
1902 3904 2023 3984 Quod
2049 3909 2070 3973 si

203 4008 297 4073 inter
316 4004 379 4070 illa
402 4004 472 4069 duo
494 4001 575 4069 loca
589 4003 761 4068 invenitur
776 4022 940 4067 numerus
962 4001 1074 4068 minor
1096 4022 1202 4088 quam
1225 4002 1269 4067 sit
1285 4022 1408 4067 cursus
1425 4002 1519 4081 solis,
1534 4002 1701 4069 subtrahe
1717 4022 1797 4069 eum
1816 4027 1843 4072 a
1861 4027 1982 4076 cursu
1997 4011 2071 4078 solis

206 4118 241 4175 et
264 4105 360 4193 quod
375 4116 532 4171 remanet
546 4106 713 4172 subtrahe
736 4125 758 4170 a
773 4103 854 4170 loco
870 4103 1019 4170 Veneris
1035 4103 1131 4188 prius
1152 4105 1297 4169 invento
1321 4115 1356 4169 et
1380 4103 1476 4191 quod
1492 4115 1651 4169 remanet
1666 4104 1730 4168 erit
1745 4126 1861 4173 verus
1880 4109 1965 4177 eius
1983 4112 2071 4178 locus

203 4209 239 4275 in
263 4208 318 4274 die
341 4207 389 4273 ad
410 4228 514 4294 quem
538 4207 687 4294 quaeris.
710 4205 748 4272 Si
771 4227 856 4272 vero
878 4207 1021 4292 planeta
1043 4205 1087 4271 sit
1108 4205 1335 4293 retrogradus
1358 4205 1452 4271 adde
1474 4204 1543 4271 hoc
1566 4204 1661 4292 quod
1684 4205 1859 4274 invenisti
1884 4211 1988 4279 inter
2011 4213 2071 4279 duo

204 4312 285 4379 loca
299 4331 406 4397 super
421 4330 559 4377 cursum
584 4330 653 4397 quo
676 4319 837 4375 movetur
859 4307 913 4375 sol
927 4309 963 4374 in
978 4308 1102 4375 diebus
1118 4308 1186 4375 illis
1202 4318 1238 4373 et
1252 4307 1355 4372 istam
1371 4307 1588 4373 additionem
1612 4306 1780 4374 subtrahe
1804 4331 1830 4375 a
1855 4312 1977 4396 priori
2000 4315 2072 4382 loco

205 4415 278 4480 eius
299 4413 441 4478 invento
463 4422 501 4479 et
521 4410 667 4477 habebis
689 4411 807 4478 locum
830 4409 903 4476 eius
926 4431 1047 4476 verum
1071 4407 1206 4497 absque
1230 4408 1323 4476 omni
1346 4409 1463 4477 dubio.

312 4691 403 4797 Ad
440 4690 801 4828 explanandam
834 4692 963 4799 hanc
999 4689 1223 4827 regulam
1258 4690 1514 4815 almanach
1569 4690 1775 4797 Profacii
1813 4692 1969 4804 iuvat
2007 4741 2072 4807 ca·

205 4900 305 4965 non
340 4857 556 4997 equandi
591 4858 756 4965 locum
791 4858 983 4966 veneris
1019 4898 1108 4995 per
1143 4857 1333 4963 tabulas
1370 4857 1541 4964 Zacuti
1581 4858 1740 4964 editus
1765 4901 1799 4965 a
1824 4867 2073 5004 magistro

207 5025 416 5137 Alfonso
452 5026 516 5134 de
554 5024 795 5134 Corduba
843 5026 1105 5164 hispalensi
1141 5069 1184 5132 a.
1225 5060 1337 5158 1473.
1412 5025 1556 5143 Haec
1594 5025 1726 5133 enim
1759 5026 2072 5141 invenimus.

315 5207 342 5243 “
363 5194 646 5302 Ptolemcus
680 5193 731 5299 in
766 5236 897 5304 nona
932 5194 1239 5304 distinctione
1276 5195 1350 5300 sui
1386 5193 1640 5331 almagcsti
1676 5194 1907 5331 capitulo
1936 5204 2075 5311 tertio

206 5362 397 5470 scribit:
432 5363 714 5469 Invenimus
750 5364 970 5502 quinque
1002 5364 1329 5471 revolutiones
1356 5361 1559 5502 epicycli
1581 5362 1801 5469 ‘Veneris
1826 5370 2076 5510 compleri

205 5530 255 5634 in
290 5554 401 5638 octo
436 5531 574 5638 annis
609 5531 848 5638 solaribus
874 5531 1087 5670 demptis
1109 5533 1306 5638 duobus
1331 5531 1508 5637 diebus
1545 5553 1594 5638 et
1630 5551 1808 5668 quarta
1846 5536 1996 5650 diei:
2035 5564 2078 5648 et

206 5723 343 5839 parte
370 5700 601 5808 vicesima
625 5701 722 5808 diei
746 5700 846 5807 iere
873 5741 989 5809 cum
1013 5702 1396 5810 revolutionibus
1421 5702 1605 5840 equalis
1630 5701 1826 5807 numeri
1854 5744 2077 5818 numero

206 5871 566 5978 revolutionum
593 5871 704 5977 solis
729 5892 856 5977 octo.
883 5867 1027 5978 Haec
1051 5870 1346 5990 Ptolomeus,
1365 5870 1504 5976 cuius
1525 5870 1798 5978 intellectus
1819 5894 1920 5994 est,
1941 5879 2077 6016 quod

206 6039 436 6149 venusin
460 6060 571 6147 octo
597 6039 735 6146 annis
761 6040 978 6177 complet
1002 6060 1113 6152 octo
1138 6039 1465 6146 revolutiones
1490 6037 1672 6143 zodiaci
1698 6037 1825 6143 sicut
1853 6046 1957 6153 sol.
1990 6045 2078 6152 Est

995 6309 1043 6385 9⁶
1076 6290 1197 6378 XXII
1229 6309 1276 6380 a<-
