4764 7176
377 606 549 700 cursus
583 588 697 694 solis
732 605 787 690 ut
822 605 959 722 patet
994 624 1056 691 ex
1092 556 1192 688 tab.
1230 619 1345 719 pag.
1386 570 1442 706 38
1474 621 1615 720 seqq;
1641 562 1979 687 subtraximus
2020 556 2249 685 differen-

377 760 497 866 tiam
517 759 643 865 inter
679 774 872 861 motum
907 749 1020 857 solis
1056 771 1105 856 et
1128 748 1341 856 Veneris
1378 790 1409 853 a
1445 751 1585 887 grad.
1627 772 1675 857 et
1710 748 1908 855 minutis
1944 743 2184 853 obtentis
2208 767 2248 850 et

375 925 651 1033 invenimus
687 912 853 1029 locum
888 958 1066 1027 verum
1101 917 1312 1026 Veneris
1349 918 1486 1025 iuxta
1527 919 1771 1027 doctrinas
1804 914 2101 1056 Prophacii.

485 1259 572 1351 Pag.
594 1261 628 1327 4.
648 1257 708 1326 lin.
730 1272 782 1339 17.
806 1254 973 1323 Mercurii
996 1275 1081 1324 vero
1103 1255 1202 1323 locus
1225 1255 1400 1342 reperitur
1422 1257 1451 1321 si
1475 1254 1521 1322 ab
1545 1254 1646 1321 annis
1668 1255 1747 1322 D.ni
1770 1253 1958 1321 subtrahas
1986 1253 2089 1318 1300
2114 1263 2245 1316 etcum

374 1367 515 1436 residuo
529 1365 639 1433 intres
652 1363 808 1432 tabulam
831 1363 918 1443 eius,
933 1383 1014 1430 narn
1030 1362 1128 1450 quod
1142 1360 1177 1427 in
1194 1361 1330 1431 directo
1346 1362 1438 1442 anni,
1461 1363 1591 1428 mensis
1613 1373 1650 1428 et
1673 1361 1743 1428 diei
1765 1361 1941 1428 inveneris
1958 1359 2037 1426 hoc
2054 1357 2132 1426 erit
2156 1357 2245 1423 locus

374 1475 448 1543 eius
462 1472 616 1540 verusio
633 1483 709 1539 tota
724 1470 778 1537 sui
793 1470 907 1557 prima
921 1468 1153 1537 revolutione.
1169 1468 1206 1536 Si
1223 1481 1340 1536 autern
1362 1470 1397 1535 in
1420 1470 1521 1535 annis
1542 1468 1673 1535 Christi
1694 1468 1869 1535 inveneris
1891 1469 2097 1555 plusquam
2123 1467 2171 1530 43
2194 1467 2244 1551 qui

374 1592 456 1647 sunt
477 1580 558 1647 anni
580 1577 810 1646 revolutionis
826 1577 899 1644 eius
921 1575 1035 1645 abiice
1052 1576 1134 1656 hoc,
1150 1576 1314 1665 quotiens
1328 1587 1442 1662 potes,
1458 1588 1493 1643 et
1508 1596 1589 1642 cum
1605 1575 1747 1641 residuo
1770 1575 1863 1640 intra
1885 1573 2036 1640 tabulas
2055 1573 2140 1638 eius
2159 1572 2245 1638 acci-

373 1687 506 1775 piendo
528 1706 593 1774 pro
616 1683 774 1774 qualibet
787 1683 1004 1752 revolutione
1026 1682 1101 1750 eius
1117 1682 1347 1770 praeterita2
1369 1682 1475 1772 grad.
1498 1695 1534 1750 et
1557 1686 1600 1749 45
1623 1683 1703 1748 min.
1721 1693 1756 1748 et
1779 1680 1972 1759 dividendo
1995 1680 2115 1766 perd
2141 1699 2198 1766 gr.
2216 1689 2246 1742 et

375 1801 396 1859 h
419 1794 550 1859 minuta
573 1803 609 1859 et
631 1790 714 1880 quia
736 1789 797 1859 hic
820 1801 874 1859 est
897 1803 1012 1858 motus
1035 1790 1232 1883 argumenti
1255 1789 1416 1879 qualibet
1440 1791 1498 1859 die
1521 1800 1557 1858 et
1578 1809 1743 1856 numerus
1765 1772 1848 1854 iride
1871 1786 2073 1878 egrediens
2099 1786 2173 1852 erit
2195 1807 2247 1850 nu·

374 1920 489 1967 merus
504 1898 650 1967 dierum.
665 1895 841 1966 Subtrahe
857 1917 945 1986 ergo
967 1896 1052 1964 istas
1069 1896 1143 1964 dies
1167 1917 1259 1963 nunc
1282 1898 1450 1964 inventas
1476 1919 1498 1962 a
1521 1908 1678 1983 tempore
1698 1895 1794 1982 prius
1818 1907 1967 1979 accepto
1989 1895 2034 1959 in
2061 1893 2198 1960 tabula
2217 1906 2247 1957 et

374 2005 470 2096 quod
491 2003 698 2072 remanserit
720 2002 785 2070 erit
801 2005 900 2072 locus
916 2003 989 2070 eius
1002 2001 1039 2068 in
1055 2001 1114 2071 die
1128 2002 1201 2070 illa.
1218 2001 1256 2070 Si
1273 2025 1357 2071 vero
1373 2015 1456 2070 tunc
1473 2000 1674 2069 Mercurius
1704 2001 1809 2067 fuerit
1824 2002 1981 2067 directus
1997 2013 2041 2065 et
2061 2011 2246 2067 moveatur

374 2114 409 2179 in
424 2112 548 2180 diebus
563 2111 632 2178 illis
647 2110 804 2179 velocius
819 2111 905 2189 sole,
921 2110 1090 2178 subtrahe
1107 2120 1238 2176 motum
1256 2109 1339 2177 solis
1356 2131 1377 2176 a
1392 2109 1595 2177 differentia
1611 2109 1749 2176 illorum
1765 2108 1913 2175 duorum
1924 2107 2101 2174 locorum
2114 2107 2155 2172 in
2168 2118 2247 2174 tem-

374 2239 460 2308 pore
474 2220 539 2287 illo
552 2217 794 2286 subtrahendo
809 2216 898 2284 illud
920 2215 1015 2305 quod
1037 2227 1196 2284 remanet
1219 2216 1265 2284 ab
1289 2217 1352 2282 illo
1373 2217 1454 2284 loco
1477 2215 1574 2303 prius
1596 2216 1749 2283 invento.
1772 2215 1810 2282 Si
1833 2228 1950 2282 autem
1974 2227 2162 2282 movetur
2184 2225 2247 2280 tar-

374 2326 453 2394 dius
481 2325 569 2406 sole,
591 2325 759 2419 qubtrahe
783 2335 914 2392 motum
938 2323 1012 2390 eius
1034 2344 1056 2389 a
1080 2335 1175 2390 motu
1197 2323 1281 2391 solis
1304 2335 1340 2390 et
1361 2324 1448 2390 iilud
1472 2324 1568 2411 quod
1591 2335 1749 2390 remanet
1771 2322 1866 2389 adde
1889 2322 1998 2407 priori
2025 2321 2122 2388 loco
2147 2342 2246 2409 quern

374 2432 543 2521 accepisti
567 2443 603 2498 et
626 2432 721 2521 quod
744 2430 856 2498 exibit
877 2432 976 2497 tacta
998 2430 1234 2499 subtractione
1258 2432 1314 2497 vel
1336 2429 1519 2497 additione
1543 2432 1609 2497 erit
1635 2451 1740 2497 verus
1770 2431 1870 2496 locus
1901 2430 1974 2495 eius
2004 2429 2049 2495 in
2085 2430 2151 2495 die
2181 2429 2247 2494 illa

374 2539 411 2609 Si
427 2560 511 2608 vero
527 2537 629 2606 luerit
644 2538 868 2629 retrogradus
885 2537 980 2606 adde
994 2536 1075 2604 illos
1092 2536 1180 2604 duos
1197 2537 1272 2606 dies
1287 2538 1450 2606 inventos
1465 2538 1554 2609 inter
1568 2537 1629 2603 illa
1645 2537 1715 2604 duo
1731 2550 1892 2622 tempora
1914 2557 1994 2602 cum
2024 2548 2137 2602 motu
2161 2533 2247 2602 Solis

373 2654 409 2708 et
432 2641 500 2710 hoc
523 2651 635 2708 toturn
659 2640 753 2708 adde
776 2640 883 2726 priori
905 2640 985 2707 loco
1008 2639 1083 2706 eius
1106 2650 1255 2727 accepto
1279 2651 1314 2708 et
1337 2639 1432 2729 quod
1453 2639 1535 2705 inde
1559 2638 1667 2706 exibit
1690 2640 1757 2704 erit
1779 2659 1883 2704 verus
1906 2638 2008 2704 locus
2036 2638 2137 2717 eius.
2172 2637 2245 2704 Non

310 2815 315 2831 „
373 2760 428 2818 est
451 2759 569 2817 autem
592 2746 740 2815 multum
764 2747 958 2815 curandum
979 2747 1026 2813 de
1048 2746 1264 2815 inveniendo
1285 2757 1357 2813 tam
1379 2746 1551 2814 subtiliter
1573 2746 1654 2812 loca
1675 2746 1820 2813 istorum
1840 2745 1991 2811 duorum
2007 2745 2245 2830 planetarum

374 2853 456 2944 quia
478 2873 667 2941 numquam
690 2851 833 2920 deviant
856 2873 877 2918 a
900 2850 1015 2940 prima
1036 2850 1090 2918 sui
1112 2851 1337 2919 revolutione
1361 2854 1511 2918 maxime
1533 2873 1598 2938 per
1624 2854 1635 2917 l
1663 2849 1763 2941 grad.
1786 2848 1823 2918 st
1846 2862 1964 2918 autem
1980 2850 2146 2917 istorum
2165 2851 2246 2918 duo

372 2981 449 3027 rum
474 2959 639 3041 (Veneris
654 2969 691 3039 et
705 2957 886 3045 Mercurii)
911 2958 992 3026 loca
1013 2956 1104 3025 scire
1127 2957 1281 3026 volueris
1304 2969 1385 3024 ante
1408 2979 1536 3025 annum
1561 2958 1689 3026 Christi
1716 2959 1801 3025 1300
1824 2958 1880 3024 sac
1902 2958 1996 3024 sicut
2017 2957 2062 3024 in
2089 2959 2178 3024 aliis
2200 2969 2246 3024 est

374 3067 551 3136 edoctum.

481 3316 661 3426 Canon
691 3318 757 3425 ad
787 3318 1143 3427 inveniendum
1166 3320 1331 3426 locum
1354 3358 1530 3427 verum
1554 3316 1791 3426 Mercurii
1815 3316 1970 3423 simile
1996 3340 2083 3423 est
2109 3358 2245 3457 prae

375 3488 568 3596 cedenti
606 3526 697 3625 pro
732 3476 952 3594 Venere.
992 3487 1267 3595 Transacta
1293 3487 1425 3594 enim
1447 3488 1606 3625 prima
1630 3486 1933 3602 revolutione
1959 3486 2163 3594 scilicet
2189 3494 2247 3618 46

374 3654 513 3763 annis
551 3653 818 3792 completis,
853 3655 936 3794 qui
962 3676 1077 3761 sunt
1101 3655 1207 3763 dies
1226 3664 1357 3760 16801
1376 3696 1494 3762 cum
1512 3656 1728 3776 dimidiu,
1747 3695 1906 3794 quum
1923 3694 2099 3761 annus
2119 3695 2246 3762 com·

374 3822 625 3961 putandus
647 3821 708 3929 sit
729 3821 924 3931 dierum
948 3831 1026 3952 365
1049 3812 1165 3933 curn
1187 3845 1363 3962 quarta
1382 3845 1522 3962 parte
1543 3823 1689 3929 unius
1709 3824 1821 3944 diei,
1861 3821 2165 3929 Mercurius
2200 3824 2245 3931 in

374 4029 464 4097 suo
501 3989 720 4130 epicyclo
755 3989 962 4129 perfecit
997 4032 1084 4126 144
1116 3991 1443 4100 revolutiones
1472 3994 1740 4131 completas
1765 4015 1814 4101 et
1838 4018 1918 4124 357
1943 4032 2018 4130 gr.
2050 4028 2094 4119 15
2122 3994 2240 4098 min.

374 4169 420 4264 18
462 4200 557 4265 sec.
603 4156 737 4266 Nam
780 4182 943 4269 motus
985 4160 1221 4269 mercurii·
1255 4159 1306 4265 in
1341 4200 1443 4266 uno
1479 4162 1560 4268 die
1596 4201 1747 4299 super
1785 4160 2067 4300 epicyclum
2105 4160 2242 4266 iuxta

375 4325 620 4435 Arzachel
657 4349 971 4464 computatur
1007 4342 1050 4456 3⁰
1076 4325 1114 4432 6'
1140 4325 1216 4463 24ἶΙ
1242 4324 1291 4455 7”’
1319 4326 1420 4464 39''''.
1459 4331 1555 4479 Ad
1589 4331 1947 4439 conficiendam
1984 4366 2065 4464 145
2107 4372 2240 4438 revo
2293 4454 2295 4489 1

373 4491 611 4601 lutionem
649 4494 850 4634 epicycli
885 4496 1067 4603 absunt
1103 4497 1250 4637 igitur
1274 4512 1318 4602 2⁰
1344 4514 1441 4633 44¹⁰
1468 4495 1533 4627 32''
1561 4522 1610 4607 et
1646 4502 1782 4607 locus
1818 4540 1965 4608 verus
1990 4498 2238 4609 Mercurii

373 4661 424 4768 in
448 4662 624 4769 tabulis
649 4662 938 4803 anticipatur
964 4663 1093 4772 horis
1119 4704 1160 4770 21
1186 4666 1303 4773 min.
1332 4702 1354 4794 5
1381 4668 1592 4791 circiter3
1621 4709 1738 4774 nam
1762 4668 2039 4776 dividentes
2067 4683 2114 4772 2⁰
2142 4683 2238 4803 44¹³

374 4823 440 4955 32''
465 4868 555 4966 per
580 4843 622 4955 3⁰
648 4825 686 4933 6'
713 4828 847 4938 hunc
871 4833 1178 4972 quotientem
1202 4837 1491 4974 reperimus,
1531 4838 1608 4944 Ar
1643 4839 1693 4943 in
1730 4838 1803 4943 his
1841 4837 1970 4944 horis
2001 4839 2239 4979 aequatio

373 4996 651 5135 argumenti
686 4997 932 5107 invenitur
976 5041 1066 5138 per
1110 5000 1435 5112 differentiam
1482 5028 1646 5112 motus
1694 5006 1843 5113 medii
1880 5005 2130 5113 Mercurii
2179 5008 2240 5114 ad

374 5184 565 5271 motum
591 5165 815 5272 medium
847 5167 973 5288 solis
1013 5170 1098 5308 qui
1136 5193 1210 5277 est
1245 5194 1411 5278 motus
1447 5175 1600 5280 centri
1636 5173 1875 5281 Mercurii
1911 5174 1990 5280 vel
2027 5197 2091 5280 ut
2127 5175 2242 5282 Pro

374 5330 578 5469 phacius
614 5332 794 5441 indicat
829 5374 920 5472 per
957 5334 1283 5447 differentiam
1320 5360 1484 5447 motus
1520 5344 1622 5448 veri
1647 5344 1916 5479 utriusque,
1946 5362 1996 5447 et
2022 5345 2243 5482 proinde

374 5499 501 5608 hanc
536 5501 881 5642 aequationem
917 5504 1034 5611 addi
1070 5531 1155 5614 aut
1191 5508 1409 5616 subtrahi
1445 5512 1692 5618 debemus
1727 5512 1791 5617 ab
1828 5512 1907 5618 illo
1942 5510 2054 5618 loco
2105 5517 2244 5654 prius

374 5667 571 5776 invento
607 5691 663 5776 ut
698 5670 749 5776 in
785 5711 973 5781 canone
1012 5676 1314 5815 explanatur.

481 5983 568 6075 Peg.
592 5989 624 6065 t,
646 5986 708 6053 lin.
731 6005 801 6072 35.
815 5988 852 6056 Si
885 6002 1001 6059 autem
1033 5993 1114 6060 loca
1140 5993 1224 6062 solis
1250 5995 1344 6063 scire
1371 5995 1552 6065 desideras
1582 5997 1703 6064 divide
1726 5997 1836 6065 annos
1861 5995 1990 6064 Christi
2015 6020 2090 6084 per
2116 6008 2139 6070 4
2164 6017 2200 6071 et
2220 6004 2246 6068 si

372 6102 529 6158 remanet
556 6093 567 6158 l
596 6113 634 6159 es
656 6092 690 6159 in
713 6096 829 6181 primu
854 6097 987 6178 tabula,
1010 6099 1039 6164 si
1065 6099 1135 6165 duo
1158 6099 1194 6167 in
1217 6102 1385 6183 secunda,
1408 6103 1437 6169 si
1460 6115 1531 6170 tres
1552 6103 1588 6170 iu
1610 6104 1725 6184 tertia,
1747 6105 1776 6171 si
1797 6116 1949 6191 quatuor
1971 6104 2010 6170 in
2034 6109 2086 6175 4⁸.

1151 6317 1201 6390 *tr
1233 6299 1376 6386 XXIV
1407 6321 1455 6393 et·
