4764 7176
150 597 417 709 ’1111111117
453 607 527 707 gr.
567 609 635 703 40
671 569 985 687 diminutum,
1026 544 1239 676 erroritur
1274 571 1411 709 quod
1452 570 1503 675 in
1546 570 1884 679 coniunctione
1928 613 2013 678 nu·

163 778 330 845 merus
354 739 605 876 graduum
630 738 825 844 minet
850 777 947 844 sec.
975 737 1066 843 loci
1092 737 1204 843 solis
1228 761 1463 847 consonet
1488 717 1606 845 cuin
1629 779 1838 847 numero
1870 743 2009 878 grad.

163 908 276 1013 min.
315 922 363 1014 et
398 947 490 1014 sec.
528 909 619 1013 loci
657 908 831 1033 lunae;
869 907 920 1012 in
954 905 1261 1043 oppositione
1288 946 1405 1013 vero
1441 904 1632 1014 differat
1667 941 1691 1034 7
1725 914 1800 1046 gr.
1840 947 1908 1042 40
1944 950 2010 1016 m.

164 1063 321 1211 Quod
347 1076 552 1215 quidem
576 1076 749 1182 accidit
773 1074 823 1180 in
848 1074 1090 1181 coniunct.
1130 1097 1179 1182 et
1214 1075 1521 1213 oppositione
1558 1105 1675 1183 vera
1710 1118 1820 1226 non¹
1846 1099 2015 1185 autem

163 1246 213 1350 in
247 1246 507 1351 coniunct„
529 1245 694 1383 media
730 1266 778 1352 et
814 1283 986 1381 oppos,
1026 1225 1203 1351 media.
1898 1241 1902 1249 ’

267 1413 508 1520 Praesens
544 1414 715 1550 regula
750 1452 842 1551 pro
879 1433 1012 1520 certo
1045 1410 1195 1519 habet
1220 1415 1357 1549 quod
1382 1414 1481 1519 iam
1507 1413 1684 1521 sciatur
1709 1415 1845 1522 locus
1869 1455 2015 1523 verus

163 1582 274 1688 solis
311 1604 358 1689 et
394 1584 537 1689 lunae
574 1582 727 1689 inilia
751 1581 846 1700 die,
874 1582 926 1686 in
962 1620 1061 1719 qua
1098 1579 1307 1687 habetur
1343 1582 1730 1689 coniunctio'aut
1755 1584 2010 1721 oppositio,

162 1750 296 1857 Dicit
332 1772 501 1858 autem
536 1732 840 1889 Prophacius
872 1745 1198 1856 differentiam
1234 1751 1415 1857 horum
1447 1752 1670 1858 locorum
1695 1753 2014 1860 dividendam

163 1962 269 2027 esse
294 1960 384 2059 per
409 1960 472 2025 12:
508 1922 572 2026 ad
598 1920 762 2027 locum
784 1919 953 2025 autem
977 1919 1122 2023 lunae
1148 1919 1285 2025 addit
1318 1957 1358 2046 13
1381 1921 1562 2026 horum
1598 1921 1826 2058 partium,
1855 1961 2014 2052 unam

162 2111 331 2196 autern
366 2112 557 2195 tantum
593 2090 664 2195 ad·
693 2089 859 2193 locum
894 2126 1071 2192 verum
1103 2087 1215 2192 solis
1248 2111 1296 2196 et
1327 2089 1394 2195 sic
1426 2089 1670 2196 invenitur
1701 2129 1848 2195 verus
1881 2090 2015 2196 locus

162 2256 487 2364 luminarium.
527 2257 643 2362 Hoc
678 2275 846 2361 tamen
882 2255 976 2360 late
1017 2253 1361 2390 accipiendum
1411 2258 1514 2376 esti,
1568 2298 1684 2362 nam
1733 2256 1814 2362 tali
1864 2259 2014 2363 modo

161 2423 395 2559 accipitur
440 2425 576 2561 quod
612 2422 841 2529 velocitas
878 2420 1042 2527 media
1076 2421 1222 2527 lunae
1259 2424 1318 2528 sit
1354 2427 1415 2531 ad
1467 2425 1775 2533 velocitatem
1810 2425 1922 2530 solis
1958 2446 2013 2529 ut

160 2631 397 2696 numerus
423 2629 463 2719 13
490 2595 553 2699 ad
591 2632 621 2700 1.
659 2592 751 2741 Re
778 2592 898 2730 ipsa
921 2590 971 2695 in
1003 2589 1180 2695 tabulis
1213 2591 1407 2698 medius
1441 2634 1612 2700 cursus
1648 2596 1793 2701 lunae
1829 2595 1880 2699 in
1912 2634 2013 2699 una
2116 2716 2122 2731 ι

159 2759 279 2866 hora
330 2783 403 2866 est
445 2798 504 2888 30
542 2762 664 2867 min
696 2772 742 2866 18
786 2801 881 2868 sec.
916 2757 1131 2897 ‚quando
1175 2762 1308 2866 med.
1356 2801 1528 2867 cursus
1571 2763 1682 2868 solis
1719 2785 1793 2871 est
1833 2803 1856 2867 2
1892 2762 2010 2869 min.

158 2966 206 3056 23
243 2971 356 3049 sec,
395 2951 458 3036 at.
499 2969 522 3034 2
559 2971 625 3036 m.
665 2967 713 3057 23
750 2969 848 3036 sec.
871 2960 906 3036 ><
928 2965 969 3055 13
995 2984 1034 3009 =
1060 2961 1119 3050 30
1152 2928 1268 3034 min.
1308 2963 1361 3062 59
1398 2970 1522 3037 sec:
1562 2953 1635 3039 est
1670 2952 1838 3038 autern
1875 2927 2013 3062 36¹⁰4''

159 3099 359 3235 quando
394 3101 527 3206 med.
556 3140 680 3206 curs,
720 3099 832 3205 solis
868 3120 941 3206 est
976 3091 1111 3228 2m33''‚
1149 3120 1200 3202 at
1234 3099 1356 3254 2““33”
1377 3133 1410 3205 ><
1432 3136 1474 3226 13
1493 3157 1532 3182 ==
1551 3110 1600 3227 33
1626 3099 1742 3209 min.
1777 3137 1807 3233 9
1843 3141 1939 3207 sec.

269 3399 355 3486 Pag.
381 3401 411 3485 6,
435 3400 496 3465 lin.
519 3417 553 3482 5.
575 3398 613 3465 Si
636 3400 753 3467 locum
776 3400 904 3487 capitis
928 3400 1094 3468 draconis
1116 3400 1310 3467 secundum
1327 3400 1401 3465 eius
1418 3410 1548 3466 motum
1572 3399 1728 3467 medium
1751 3400 1809 3467 vel
1824 3410 2015 3486 aequatum

158 3500 312 3567 invenire
328 3500 462 3588 placuit
484 3501 575 3566 intra
599 3501 736 3568 tabulas
759 3502 832 3568 eius
856 3502 903 3568 ad
927 3502 1021 3569 diem
1044 3514 1079 3568 et
1102 3522 1257 3569 mensem
1281 3522 1385 3590 quem
1408 3500 1560 3569 volueris
1584 3501 1791 3586 accipiendo
1806 3501 1904 3568 illud‘
1918 3501 2014 3590 quod

157 3603 192 3667 in
216 3602 350 3669 directo
374 3602 446 3668 eius
469 3613 522 3669 111
545 3614 581 3668 11
603 3602 697 3670 adde
719 3604 790 3671 hoc
813 3626 959 3670 numero
982 3605 1125 3672 invento
1148 3605 1184 3670 in
1207 3603 1346 3695 directo
1369 3603 1451 3668 anni
1473 3604 1721 3690 praecedentis
1745 3616 1781 3670 et
1796 3603 1944 3671 habebis
1966 3605 2015 3670 lo·

159 3726 239 3770 cum
262 3705 336 3771 eius
351 3705 542 3771 secundum
572 3717 704 3772 motum
721 3707 921 3796 ‘aequalem
944 3727 1014 3795 quo
1040 3707 1276 3799 tunc'utimur
1297 3705 1332 3770 in
1356 3704 1485 3772 tabulis
1508 3706 1593 3770 istis.
1616 3705 1654 3772 Si
1678 3717 1793 3772 autem
1817 3705 2013 3789 1111111111

159 3827 279 3872 verum
290 3807 406 3873 locum
422 3806 548 3892 capitis
565 3806 734 3873 subtrahe
750 3809 795 3875 ab
811 3829 903 3875 anno
917 3806 1006 3874 illud
1022 3809 1117 3895 quod
1133 3807 1366 3875 mandabatur
1383 3808 1468 3874 addi
1486 3808 1531 3875 de
1547 3809 1671 3874 diebus
1688 3819 1724 3874 et
1738 3806 1884 3875 habebis
1899 3807 2015 3875 locum

112 3968 127 3983 ,
160 3908 234 3975 eius
251 3929 381 3976 verum.
405 3907 442 3975 Si
465 3920 581 3975 autem
604 3909 655 3976 vis
678 3911 769 3977 scire
785 3910 1007 3978 latitudinem
1023 3912 1127 3977 lunae
1144 3909 1301 3999 quotidie
1317 3910 1392 3977 sive'
1409 3909 1611 3976 distantiam
1635 3909 1708 3976 eius
1732 3932 1753 3975 a
1775 3909 1868 3994 nodo
1890 3909 2013 3997 capitis

161 4009 356 4096 praedicto,
379 4011 469 4077 scias
491 4023 623 4078 motum
646 4010 719 4077 eius
744 4012 931 4099 aequalem
950 4012 1001 4078 'ad
1025 4013 1117 4079 diem
1141 4033 1246 4100 quem
1269 4012 1342 4088 vis;
1366 4011 1495 4078 deinde
1519 4012 1612 4079 adde
1635 4032 1714 4079 eum
1737 4012 1816 4079 loco
1841 4011 1945 4079 lunae
1968 4011 2014 4077 ad

161 4112 253 4178 diem
269 4113 427 4178 eamdem
450 4114 592 4180 invento
609 4124 644 4180 et
660 4115 755 4202 quod
777 4115 861 4182 inde
884 4115 992 4182 exibit
1014 4115 1079 4180 erit
1095 4126 1338 4205 argumentum
1354 4113 1547 4180 latitudinis
1570 4114 1684 4181 lunae.
1708 4113 1804 4180 Intra
1827 4134 1911 4203 ergo
1936 4134 2014 4180 cum

161 4215 227 4281 hoc
244 4226 450 4303 argumento
464 4217 500 4280 in
516 4215 674 4282 tabulam
690 4216 885 4283 latitudinis
899 4216 1004 4282 lunae
1020 4217 1224 4304 quaerendo
1240 4215 1455 4282 consimilem
1471 4235 1653 4282 numerum
1667 4215 1847 4305 signorum
1862 4215 2016 4304 insignis

161 4316 284 4401 positis
307 4318 370 4383 sub
394 4318 452 4383 vel
475 4339 581 4404 supra
606 4319 810 4407 quaerendo
834 4319 939 4385 etiam
963 4318 1178 4393 consimilem
1199 4339 1380 4384 numerum
1403 4316 1575 4405 graduum
1598 4317 1632 4383 in
1655 4317 1748 4385 linea
1771 4317 1903 4383 numeri
1933 4338 2014 4405 gra·

160 4418 266 4484 duum
290 4419 338 4485 eis
361 4419 599 4505 respondente
624 4420 851 4487 ascendendo
875 4442 965 4508 quae
982 4420 1198 4508 respondent
1210 4419 1319 4509 signis
1334 4418 1569 4498 inferioribus,
1585 4419 1640 4486 vel
1656 4420 1907 4488 descendendo
1924 4442 2013 4508 quae

161 4521 376 4607 respondent
398 4521 504 4610 signis
527 4522 767 4607 superioribus
791 4534 827 4590 et
850 4523 946 4611 quod
968 4524 1003 4588 in
1026 4522 1163 4590 directo
1177 4523 1213 4588 in
1228 4522 1342 4612 signia
1350 4532 1385 4588 et
1400 4522 1567 4611 gradibus
1589 4521 1767 4589 inveneris
1782 4522 1849 4588 erit
1864 4522 2014 4589 latitudo

160 4623 276 4690 lunae.
299 4624 368 4691 Per
389 4624 528 4713 signum
551 4624 658 4693 1111111
674 4624 767 4694 11111
783 4625 915 4710 poteris
929 4636 1045 4692 utrum
1061 4626 1150 4692 haec
1165 4622 1316 4708 latitudo
1331 4625 1376 4691 sit
1391 4624 1676 4712 septentrionalis
1692 4626 1750 4692 vel
1765 4624 2013 4693 meridionalis.

268 4875 406 4982 Cum
441 4878 519 4983 via
555 4879 699 4985 lunae
724 4878 943 5019 quotidie
969 4900 1103 4986 secet
1127 4877 1262 4987 viam
1286 4878 1397 4983 solis
1423 4880 1530 5007 (seu
1557 4877 1875 5016 ecclipticam)
1900 4877 2014 4984 hinc

162 5083 333 5152 versus
367 5047 664 5184 aquilonem,
702 5046 829 5153 illinc
862 5086 1033 5153 versus
1058 5068 1295 5165 austrum,
1324 5044 1619 5183 principium
1644 5044 1906 5151 latitudinis
1931 5045 2013 5150 bo·

163 5215 302 5320 realis
344 5255 434 5320 seu
477 5215 784 5322 ascendentis
825 5215 1100 5354 appellatur
1141 5235 1290 5354 caput
1326 5212 1550 5320 draconis
1586 5233 1670 5318 aut
1706 5252 1823 5319 cum
1857 5212 2014 5319 Ptolo

164 5421 307 5488 maeo
339 5382 499 5489 nodus
523 5386 795 5491 ascendens
819 5384 935 5524 quia
958 5385 1024 5491 ab
1051 5383 1270 5522 ecliptica
1294 5379 1577 5518 digrediens
1600 5380 1819 5488 ascendit
1843 5420 2014 5488 versus

164 5571 387 5657 nostrum
425 5552 673 5659 verticem.
716 5551 816 5659 Ubi
857 5592 974 5660 vero
1011 5555 1128 5658 luna
1161 5551 1357 5659 inchoat
1393 5548 1699 5697 latitudinem
1733 5549 2011 5668 australem,

164 5719 339 5826 dicitur
364 5722 523 5828 cauda
547 5722 772 5828 draconis
803 5721 882 5828 vel
913 5721 1075 5828 nodus
1105 5721 1427 5828 descendens.
1463 5714 1702 5852 Quotidie
1726 5737 1895 5824 autem
1919 5715 2014 5821 hae

164 5888 529 5995 intersectiones
563 5910 827 5997 moventur
861 5890 911 5994 in
942 5888 1251 5997 occidentem
1276 5887 1433 5992 tribus
1457 5886 1654 5992 minutis
1676 5884 1792 6006 fere,
1821 5883 2014 5992 medius

164 6056 329 6197 itaque
365 6076 529 6163 motus
565 6056 736 6198 capitis
770 6057 995 6167 draconis
1032 6077 1347 6198 computatur
1381 6097 1412 6163 a
1447 6054 1684 6195 principio
1721 6052 1880 6161 arietis
1904 6091 2014 6159 con·

937 6328 986 6402 ea
1017 6308 1165 6398 XXlX
1195 6327 1245 6401 11
