4764 7176
560 603 648 691 Pag.
673 604 705 678 2,
725 600 788 668 lin.
812 620 868 684 29.
893 600 1054 665 ...Istud
1079 591 1265 664 almanach
1287 598 1474 682 Prophacii
1497 596 1613 664 iudaei
1637 586 1836 664 ordinatum
1866 603 1918 666 est
1940 601 2017 666 sive
2044 602 2199 665 factum
2222 619 2310 683 super

450 706 569 770 villam
586 702 893 790 Montispessulaui
917 703 964 767 ad
981 701 1161 767 meridiem
1177 702 1248 767 diei
1262 701 1354 766 illius
1378 700 1438 787 qui
1460 702 1616 766 secunda
1640 700 1725 766 seria
1748 703 1955 768 nominatur.
1974 741 2014 783 .-
2036 702 2103 767 lin.
2121 779 2124 783 ,
2132 719 2161 782 3
2161 720 2199 783 3.
2223 701 2311 766 ...10

321 855 323 858 -
445 808 513 873 isto
536 818 654 872 autem
677 805 847 891 incipiunt
871 826 991 869 omnes
1015 805 1250 893 revolutiones
1274 805 1495 889 planetarum
1520 805 1565 870 ab
1591 826 1682 871 anno
1697 807 1834 871 Domini
1850 808 1958 873 nostri
1976 808 2061 872 Iesu
2081 804 2229 871 Christi
2245 805 2312 870 1300

447 920 482 975 et
498 933 518 974 a
536 909 648 993 prima
665 908 721 973 die
737 905 872 972 Marcii.
889 943 926 957 -
942 907 1003 972 lin.
1021 927 1074 990 41.
1093 905 1334 973 ...Numerus
1357 928 1440 974 vero
1464 908 1638 996 graduum
1662 921 1697 973 et
1722 908 1931 974 minutorum
1955 909 2015 997 qui
2033 910 2071 972 in
2090 908 2243 974 directo
2258 905 2313 971 die

447 1034 522 1076 rum
554 1011 724 1096 reperitur
754 1011 946 1094 respondet
969 1010 1114 1075 ultimae
1131 1010 1199 1073 diei
1223 1010 1356 1075 denarii
1380 1012 1446 1077 vel‘
1460 1009 1607 1097 quinarii
1630 1011 1678 1076 ad
1700 1011 1880 1076 meridiem
1902 1007 2250 1096 Montispessulani,
2264 1029 2314 1094 per

378 1173 382 1185 ,
448 1132 666 1199 consequens
689 1112 819 1200 gradus
843 1105 879 1177 et
903 1110 1032 1175 minuta
1056 1111 1263 1199 intermedia
1286 1113 1565 1198 correspondent
1579 1113 1701 1179 diebus
1718 1113 1931 1180 intermediis
1947 1115 2162 1179 secundum
2180 1131 2315 1196 propor-

451 1236 585 1281 cronem
607 1236 739 1280 eorum.
1022 1233 1025 1238 ·

557 1468 790 1573 Arbitror
826 1467 1113 1604 scriptorem
1153 1508 1400 1573 canonum
1437 1470 1656 1586 istorum,
1697 1469 1813 1608 (qui,
1834 1490 1966 1576 certe
2009 1463 2220 1571 Christi
2264 1504 2316 1567 as·

451 1640 580 1745 secla
615 1635 728 1741 Iuit:
768 1637 883 1741 dicit
921 1635 1049 1742 enim
1089 1638 1153 1743 ab
1191 1677 1320 1743 anno
1356 1637 1479 1743 D.ni
1517 1637 1665 1741 nostri
1693 1635 1734 1767 J.
1764 1636 1906 1766 Chr.)
1936 1635 2203 1740 indicasse
2237 1672 2317 1736 me

453 1806 627 1912 ridiem
663 1804 932 1923 (1101111100,
966 1804 1050 1942 qui
1082 1807 1302 1911 secunda
1326 1805 1443 1911 feria
1467 1807 1746 1911 nominatur
1771 1847 1813 1911 a.
1843 1842 1969 1931 1300,
1997 1845 2067 1911 ne
2094 1799 2317 1907 confusio

394 1960 396 1965 ⁵
452 1977 658 2082 oriretur
696 1996 743 2080 et
780 1996 1090 2080 momentum
1121 1974 1252 2081 bene
1285 1973 1612 2111 significatum
1637 1973 1761 2080 foret
1786 1974 1837 2078 in
1863 2013 1962 2112 quo
1987 1971 2177 2108 incipit
2205 2009 2319 2075 com·

453 2165 603 2281 putus
639 2141 909 2248 almanach.
951 2143 1206 2279 Astrologi
1245 2143 1375 2249 enim
1409 2141 1644 2278 temporis
1668 2141 1792 2245 illius
1820 2140 2084 2246 exordium
2113 2162 2320 2242 sumunt

453 2312 615 2417 dicia
649 2310 853 2417 meridie
903 2310 1245 2448 praecedentis
1284 2311 1379 2416 diei
1414 2311 1661 2429 nominati,
1700 2311 1766 2414 ita
1800 2331 1856 2414 ut
1890 2309 2087 2413 initium
2129 2307 2321 2445 primae

453 2479 549 2585 diei
585 2476 763 2585 Marcii
800 2477 869 2582 sit
895 2478 1124 2585 meridies
1161 2479 1316 2583 ultimi
1353 2479 1449 2584 diei
1485 2478 1727 2585 februarii.
1766 2478 1964 2584 Literae
1991 2475 2323 2581 dominicales

453 2688 495 2752 a.
525 2684 650 2773 1300,
679 2647 948 2766 bissextilis,
977 2647 1047 2751 uti
1079 2647 1130 2751 in
1161 2645 1417 2752 almanach
1449 2646 1556 2783 ipso
1588 2646 1844 2782 reperitur,
1881 2640 1992 2749 sunt
2025 2684 2072 2748 c.
2103 2643 2163 2749 b.
2205 2644 2322 2749 Dies

453 2837 620 2920 autem
656 2826 710 2918 28
746 2813 1004 2922 Februarii
1041 2817 1091 2921 in
1128 2814 1425 2920 Kalendario
1461 2814 1650 2922 obtinet
1686 2815 1875 2921 literam
1911 2856 1965 2920 c:
2006 2813 2122 2920 dies
2156 2805 2322 2946 091011

455 3019 575 3115 ergo
600 2981 717 3086 feria
749 2983 967 3088 secunda
1004 3003 1053 3088 et
1089 2981 1249 3119 prima
1284 2981 1391 3086 dies
1427 2978 1605 3086 Marcii
1642 3025 1685 3088 a.
1725 3019 1837 3108 1300
1873 2978 1989 3086 Ieria
2027 2992 2091 3104 3²,
2119 2978 2222 3085 etsi
2258 2978 2326 3085 ini·

448 3149 579 3299 tium
604 3149 700 3256 diei
726 3149 849 3255 illius
875 3150 1115 3256 habeatur
1142 3150 1191 3254 in
1228 3150 1447 3255 secunda
1482 3148 1600 3254 feria
1636 3146 1988 3287 praecedentis.
2028 3146 2088 3252 Si
2132 3163 2181 3250 2a
2222 3148 2328 3253 feria

454 3317 689 3424 indicaret
726 3318 938 3455 primam
963 3319 1098 3427 diem
1123 3316 1302 3424 Marcii
1329 3359 1392 3424 ex
1414 3357 1553 3425 more
1580 3296 1956 3455 computationis
1992 3339 2213 3424 nostrae
2242 3357 2328 3422 000

455 3484 735 3620 contigisset
770 3489 865 3593 hoc
901 3486 991 3590 nisi
1026 3486 1077 3591 in
1113 3526 1244 3591 anno
1281 3496 1382 3619 1298
1419 3488 1497 3592 vel
1535 3521 1649 3612 1305.
1703 3625 1707 3632 Ι
1862 3478 1864 3483 ’

562 3652 848 3793 Computus
885 3655 1040 3760 maior
1076 3653 1326 3792 Campani
1362 3658 1412 3761 in
1448 3696 1554 3763 rem
1592 3679 1812 3761 nostram
1847 3655 1971 3760 haec
2007 3654 2285 3793 adiungit:

565 3993 658 4059 Anni
683 4006 799 4060 autem
824 4016 1049 4061 romanorum
1073 3998 1196 4084 quibus
1219 4008 1364 4064 0000100
1387 3996 1607 4063 Christianae
1630 3998 1711 4063 fidei
1736 3999 1955 4080 professores
1976 4008 2128 4063 utuntur
2160 4009 2254 4062 sunt
2279 4016 2326 4059 00

457 4099 547 4162 10100
570 4118 651 4164 0010
675 4109 820 4184 quarta:
853 4111 888 4163 et
919 4098 974 4163 isti
1006 4099 1103 4184 apud
1128 4099 1287 4166 diversos
1310 4096 1529 4165 orthodoxos
1551 4097 1683 4165 habent
1706 4099 1848 4166 diversa
1864 4099 2054 4184 principia.
2081 4099 2188 4164 Nam
2215 4098 2327 4165 italica

456 4219 542 4287 gens
560 4200 739 4286 antiquum
759 4219 981 4266 romanorum
1005 4223 1136 4267 morem
1159 4203 1193 4266 in
1217 4222 1309 4267 anno
1332 4202 1525 4268 observans
1548 4223 1569 4266 a
1591 4201 1767 4271 Kalendis
1783 4189 1951 4267 mensium
1975 4200 2038 4284 (sic
2060 4203 2212 4266 romani
2240 4201 2326 4266 fece·

457 4314 537 4366 runt
560 4302 642 4367 anni
665 4301 901 4386 principium·
913 4323 1021 4368 00000
1046 4303 1185 4389 incipit:
1215 4305 1364 4388 primum
1381 4303 1514 4367 dierum
1531 4323 1698 4366 annorum
1715 4301 1843 4367 Christi
1860 4322 1994 4387 ponens
2010 4302 2218 4387 quamdam
2246 4303 2327 4367 diem

456 4402 599 4468 sabbati
616 4425 637 4467 a
654 4425 723 4489 qua
738 4404 865 4491 incipit
879 4405 1056 4490 proximus
1081 4406 1265 4493 Januarius
1290 4402 1501 4471 antecedens
1525 4405 1743 4470 nativitatem
1766 4403 1905 4470 Christi.
1930 4403 2018 4470 Cum
2042 4402 2141 4467 enim
2158 4403 2326 4470 Salvator

456 4505 492 4568 in
515 4524 608 4569 0000
632 4506 694 4570 1110
730 4517 870 4592 sumpto
906 4508 1099 4573 secundum
1134 4507 1313 4594 antiquum
1346 4528 1569 4572 romanorum
1593 4528 1723 4572 morem
1747 4506 1841 4572 circa
1863 4507 1966 4572 finem
1990 4506 2063 4570 eius
2093 4527 2161 4589 per
2193 4518 2324 4593 septem

457 4607 533 4671 dies
555 4619 657 4672 natus
679 4607 805 4673 fuerit:
830 4619 968 4674 constat
991 4610 1087 4695 quod
1108 4629 1217 4674 annus
1233 4609 1293 4673 ille
1309 4608 1440 4693 primus
1457 4621 1509 4673 est
1525 4629 1695 4675 annorum
1712 4608 1840 4674 domini
1865 4628 1907 4673 eo
1931 4608 2027 4694 quod
2049 4608 2132 4692 ipse
2156 4609 2215 4672 illi
2242 4629 2325 4674 anno

460 4709 608 4792 primum
633 4710 786 4774 humana
809 4724 917 4777 carne
940 4711 1094 4777 vestibus
1115 4709 1279 4776 illuxerit.
1303 4709 1349 4776 Et
1369 4710 1435 4776 iste
1458 4710 1583 4776 modus
1606 4710 1795 4776 inchoandi
1818 4730 1927 4775 annos
1948 4709 2077 4774 domini
2104 4712 2325 4777 communior

459 4823 513 4877 est
543 4824 687 4897 propter
718 4810 994 4877 conformitatem
1026 4814 1099 4878 eius
1131 4835 1209 4879 cum
1241 4813 1385 4900 antiquo
1417 4834 1586 4877 annorum
1617 4812 1797 4898 principio,
1822 4811 1915 4876 unde
1944 4811 2048 4875 etiam
2071 4812 2199 4878 adhuc
2228 4813 2324 4897 (sicut

460 4912 662 4998 antiquitus)
678 4913 930 4981 Kalendarium
947 4937 967 4978 a
984 4914 1149 5000 Januario
1165 4915 1288 4999 incipit
1311 4928 1346 4980 et
1368 4916 1403 4978 in
1427 4915 1651 4981 decembrem
1673 4915 1803 4979 finitur.
1827 4911 1964 4978 Aureus
1988 4933 2134 5000 quoque
2158 4935 2324 4981 numerus

459 5015 651 5101 clavesque
676 5015 840 5081 festorum
864 5016 1041 5084 mobilium
1065 5041 1086 5083 0
1111 5017 1335 5083 Kalendariis
1358 5015 1514 5102 Januarii
1535 5017 1725 5081 variantur.
1750 5015 1882 5081 Sancta
1906 5035 1990 5080 vero
2004 5035 2153 5080 romana
2172 5017 2323 5083 ecclesia

460 5116 563 5202 (quae
588 5117 734 5181 aliarum
757 5118 909 5184 omnium
933 5131 1044 5184 mater
1068 5131 1122 5186 est
1146 5131 1180 5185 et
1203 5120 1385 5208 magistra)
1409 5117 1612 5184 familiarius
1634 5137 1744 5182 annos
1760 5118 1834 5183 eius
1851 5117 2078 5182 denominans
2102 5117 2153 5183 ab
2176 5118 2244 5184 illa
2268 5120 2323 5183 bu·

461 5219 553 5282 mani
584 5220 722 5306 generis
754 5221 1034 5288 reverentissima
1066 5221 1145 5300 die,
1176 5222 1405 5288 daemonibus
1437 5232 1554 5286 autem
1584 5222 1780 5297 tremenda,
1813 5242 1883 5307 qua
1913 5218 2060 5286 Creator
2089 5217 2172 5305 ipse
2211 5242 2320 5290 rerum
2373 5284 2374 5295 ,

461 5320 611 5386 omnium
635 5322 699 5388 Dei
722 5323 812 5389 filius
835 5324 996 5403 Christus
1014 5325 1113 5411 Jesus
1140 5327 1184 5391 de
1216 5324 1369 5412 gloriosa
1399 5343 1537 5407 semper
1568 5322 1703 5411 virgine
1734 5320 1849 5387 Maria
1879 5322 2020 5407 spiritus
2051 5317 2320 5391 obumbratione
2372 5307 2374 5383 I

461 5443 603 5488 carnem
627 5427 760 5510 recepit
784 5426 972 5496 humanam
997 5439 1031 5492 et
1053 5426 1157 5492 homo
1181 5426 1295 5492 factus
1319 5438 1384 5504 est,
1407 5425 1503 5511 quod
1525 5425 1592 5490 ruit
1613 5426 1648 5489 in
1672 5425 1825 5511 quodam
1847 5425 1985 5488 veneris
2002 5424 2070 5501 die,
2092 5437 2231 5493 octavo
2254 5429 2320 5494 Kr-

461 5525 572 5589 lendis
589 5526 741 5612 Januarii
763 5549 892 5592 novum
916 5550 1044 5593 annum
1067 5529 1199 5612 incipit.
1225 5527 1308 5603 Quo
1333 5528 1475 5615 quidem
1497 5527 1670 5613 principio
1693 5527 1872 5614 gallicana
1895 5539 1930 5592 et
1953 5527 2144 5615 anglicana
2169 5531 2320 5596 ecclesia

460 5626 591 5713 aliique
615 5629 806 5714 scriptores
829 5633 949 5696 matris
973 5652 1139 5697 romanae
1162 5652 1295 5695 morem
1318 5637 1506 5716 sequentes
1530 5650 1599 5695 non
1623 5629 1776 5695 absurde
1798 5641 1952 5708 utuntur,
1969 5652 2190 5717 quamquam
2204 5634 2258 5700 eis
2269 5654 2320 5699 ac·

460 5729 557 5795 cidat
579 5751 689 5797 annos
705 5753 769 5820 per
786 5733 955 5799 mensium
977 5733 1214 5823 integritatem
1237 5753 1305 5798 non
1330 5731 1439 5797 dividi
1461 5753 1527 5797 nec
1550 5731 1596 5799 ab
1619 5731 1768 5797 01100100
1791 5732 1920 5797 mensis
1943 5732 2119 5817 principio
2144 5734 2318 5802 inchoare.

462 5832 549 5899 Sunt
572 5854 714 5920 quoque
738 5835 896 5904 nonnulli
919 5837 977 5922 qui
1000 5837 1046 5903 ab
1069 5836 1146 5922 ipsa
1169 5836 1226 5900 die
1254 5833 1448 5900 nativitatis
1479 5834 1550 5899 d.ni
1581 5854 1722 5899 suorum
1752 5853 1922 5898 annorum
1954 5833 2079 5899 volunt
2109 5837 2317 5924 principium

461 5957 610 6003 sumere.
632 5936 837 6002 Astronomi
856 5959 940 6005 vero
964 5961 986 6003 a
1008 5937 1179 6004 Kalendis
1210 5936 1347 6002 Martii
1372 5958 1471 6002 suum
1501 5957 1631 6001 annum
1662 5936 1838 6024 incipiunt
1866 5943 2016 6023 propter
2046 5941 2316 6006 commoditates

460 6059 549 6121 quac
563 6040 691 6104 accidit
705 6041 754 6103 cis
771 6041 806 6104 in
822 6041 1080 6129 aggregatione
1095 6061 1264 6105 annorum
1281 6037 1553 6104 niensurantr'mn
1577 6040 1761 6123 qucralr'bet
1782 6049 1909 6104 motum
1933 6039 2103 6104 cclcstt'mn
2127 6050 2316 6132 corporum

463 6141 580 6205 ultima
603 6164 712 6206 mense
734 6143 823 6206 arrni
838 6144 953 6231 posita
977 6143 1144 6206 br‘srcxtilt'
1165 6143 1230 6208 dic.
1254 6141 1355 6227 (Cap.
1377 6144 1414 6209 X
1437 6141 1472 6206 in
1496 6141 1587 6224 fine).

1248 6361 1296 6432 *te
1328 6343 1463 6428 XVIII
1496 6359 1543 6432 10
