<?xml version="1.0" encoding="UTF-8"?>
<!DOCTYPE html PUBLIC "-//W3C//DTD XHTML 1.0 Transitional//EN"
    "http://www.w3.org/TR/xhtml1/DTD/xhtml1-transitional.dtd">
<html xmlns="http://www.w3.org/1999/xhtml" xml:lang="en" lang="en">
 <head>
  <title>
</title>
<meta http-equiv="Content-Type" content="text/html;charset=utf-8" />
  <meta name='ocr-system' content='tesseract 3.04.00' />
  <meta name='ocr-capabilities' content='ocr_page ocr_carea ocr_par ocr_line ocrx_word'/>
</head>
<body>
  <div class='ocr_page' id='page_1' title='image "./almanachdantisa00tibbgoog_0014.png"; bbox 0 0 4710 7222; ppageno 0'>
   <div class='ocr_carea' id='block_1_1' title="bbox 83 569 2057 5098">
    <p class='ocr_par' dir='ltr' id='par_1_1' title="bbox 83 569 2057 5098">
     <span class='ocr_line' id='line_1_1' title="bbox 90 569 1944 720; baseline 0.003 -38"><span class='ocrx_word' id='word_1_1' title='bbox 90 613 243 718; x_wconf 86' lang='lat' dir='ltr'><strong>quam</strong></span> <span class='ocrx_word' id='word_1_2' title='bbox 273 619 453 715; x_wconf 81' lang='lat' dir='ltr'><strong>operae</strong></span> <span class='ocrx_word' id='word_1_3' title='bbox 480 578 694 716; x_wconf 90' lang='lat' dir='ltr'><strong>pretium</strong></span> <span class='ocrx_word' id='word_1_4' title='bbox 719 604 954 719; x_wconf 90' lang='lat' dir='ltr'><strong>putamus</strong></span> <span class='ocrx_word' id='word_1_5' title='bbox 978 583 1028 689; x_wconf 92' lang='lat' dir='ltr'><strong>in</strong></span> <span class='ocrx_word' id='word_1_6' title='bbox 1054 580 1278 689; x_wconf 91' lang='lat' dir='ltr'><strong>medium</strong></span> <span class='ocrx_word' id='word_1_7' title='bbox 1303 569 1519 720; x_wconf 86' lang='lat' dir='ltr'><strong>prolerre</strong></span> <span class='ocrx_word' id='word_1_8' title='bbox 1547 625 1607 689; x_wconf 87' lang='lat' dir='ltr'><strong>ex</strong></span> <span class='ocrx_word' id='word_1_9' title='bbox 1634 583 1805 719; x_wconf 85' lang='lat' dir='ltr'><strong>gallica</strong></span> <span class='ocrx_word' id='word_1_10' title='bbox 1839 614 1944 690; x_wconf 87' lang='lat' dir='ltr'><strong>ver·</strong></span> 
     </span>
     <span class='ocr_line' id='line_1_2' title="bbox 89 723 1797 856; baseline 0.001 -4"><span class='ocrx_word' id='word_1_11' title='bbox 89 748 223 853; x_wconf 91' lang='lat' dir='ltr'><strong>sione</strong></span> <span class='ocrx_word' id='word_1_12' title='bbox 261 747 497 852; x_wconf 89' lang='lat' dir='ltr'><strong>Hemesti</strong></span> <span class='ocrx_word' id='word_1_13' title='bbox 535 748 771 856; x_wconf 88' lang='lat' dir='ltr'><strong>Renan.¹⁰</strong></span> <span class='ocrx_word' id='word_1_14' title='bbox 1129 723 1132 733; x_wconf 32' lang='lat'>¹</span> <span class='ocrx_word' id='word_1_15' title='bbox 1794 848 1797 853; x_wconf 83' lang='lat'><strong>.</strong></span> 
     </span>
     <span class='ocr_line' id='line_1_3' title="bbox 196 915 1947 1057; baseline 0.002 -38"><span class='ocrx_word' id='word_1_16' title='bbox 196 916 403 1022; x_wconf 85' lang='lat' dir='ltr'><strong>“Valde</strong></span> <span class='ocrx_word' id='word_1_17' title='bbox 441 917 590 1021; x_wconf 92' lang='lat' dir='ltr'><strong>miror</strong></span> <span class='ocrx_word' id='word_1_18' title='bbox 626 918 716 1022; x_wconf 90' lang='lat' dir='ltr'><strong>abs</strong></span> <span class='ocrx_word' id='word_1_19' title='bbox 752 939 801 1023; x_wconf 92' lang='lat' dir='ltr'><strong>te</strong></span> <span class='ocrx_word' id='word_1_20' title='bbox 835 959 894 1023; x_wconf 89' lang='lat' dir='ltr'><strong>ea</strong></span> <span class='ocrx_word' id='word_1_21' title='bbox 917 919 1079 1023; x_wconf 91' lang='lat' dir='ltr'><strong>studia</strong></span> <span class='ocrx_word' id='word_1_22' title='bbox 1104 919 1353 1057; x_wconf 78' lang='lat' dir='ltr'>prohiberi</span> <span class='ocrx_word' id='word_1_23' title='bbox 1377 915 1558 1057; x_wconf 89' lang='lat' dir='ltr'><strong>quibus</strong></span> <span class='ocrx_word' id='word_1_24' title='bbox 1582 920 1809 1026; x_wconf 86' lang='lat' dir='ltr'><strong>doctores</strong></span> <span class='ocrx_word' id='word_1_25' title='bbox 1834 919 1947 1025; x_wconf 93' lang='lat' dir='ltr'><strong>Tal-</strong></span> 
     </span>
     <span class='ocr_line' id='line_1_4' title="bbox 90 1088 1946 1226; baseline 0.001 -34"><span class='ocrx_word' id='word_1_26' title='bbox 90 1089 226 1192; x_wconf 94' lang='lat' dir='ltr'><strong>mudi</strong></span> <span class='ocrx_word' id='word_1_27' title='bbox 264 1128 416 1225; x_wconf 89' lang='lat' dir='ltr'><strong>opera</strong></span> <span class='ocrx_word' id='word_1_28' title='bbox 453 1088 748 1226; x_wconf 82' lang='lat' dir='ltr'><strong>effinxerunt</strong></span> <span class='ocrx_word' id='word_1_29' title='bbox 787 1110 834 1196; x_wconf 92' lang='lat' dir='ltr'><strong>et</strong></span> <span class='ocrx_word' id='word_1_30' title='bbox 872 1090 1194 1196; x_wconf 81' lang='lat' dir='ltr'><strong>excuderunt.</strong></span> <span class='ocrx_word' id='word_1_31' title='bbox 1233 1089 1286 1196; x_wconf 85' lang='lat' dir='ltr'><strong>Si</strong></span> <span class='ocrx_word' id='word_1_32' title='bbox 1312 1090 1436 1196; x_wconf 92' lang='lat' dir='ltr'><strong>haec</strong></span> <span class='ocrx_word' id='word_1_33' title='bbox 1462 1091 1623 1195; x_wconf 89' lang='lat' dir='ltr'><strong>studia</strong></span> <span class='ocrx_word' id='word_1_34' title='bbox 1648 1088 1841 1194; x_wconf 88' lang='lat' dir='ltr'><strong>tantum</strong></span> <span class='ocrx_word' id='word_1_35' title='bbox 1865 1089 1946 1194; x_wconf 79' lang='lat' dir='ltr'><strong>de</strong></span> 
     </span>
     <span class='ocr_line' id='line_1_5' title="bbox 90 1255 1945 1397; baseline -0.002 -35"><span class='ocrx_word' id='word_1_36' title='bbox 90 1257 374 1362; x_wconf 89' lang='lat' dir='ltr'><strong>trimentum</strong></span> <span class='ocrx_word' id='word_1_37' title='bbox 396 1255 526 1392; x_wconf 82' lang='lat' dir='ltr'><strong>Legi</strong></span> <span class='ocrx_word' id='word_1_38' title='bbox 551 1256 762 1363; x_wconf 82' lang='lat' dir='ltr'><strong>afferunt</strong></span> <span class='ocrx_word' id='word_1_39' title='bbox 789 1272 876 1397; x_wconf 90' lang='lat' dir='ltr'><strong>qui</strong></span> <span class='ocrx_word' id='word_1_40' title='bbox 900 1257 954 1362; x_wconf 89' lang='lat' dir='ltr'><strong>fit</strong></span> <span class='ocrx_word' id='word_1_41' title='bbox 978 1279 1034 1361; x_wconf 93' lang='lat' dir='ltr'><strong>ut</strong></span> <span class='ocrx_word' id='word_1_42' title='bbox 1060 1260 1224 1396; x_wconf 94' lang='lat' dir='ltr'><strong>potius</strong></span> <span class='ocrx_word' id='word_1_43' title='bbox 1250 1258 1436 1364; x_wconf 92' lang='lat' dir='ltr'><strong>homini</strong></span> <span class='ocrx_word' id='word_1_44' title='bbox 1462 1257 1774 1396; x_wconf 84' lang='lat' dir='ltr'>septuaginta</span> <span class='ocrx_word' id='word_1_45' title='bbox 1793 1296 1945 1361; x_wconf 87' lang='lat' dir='ltr'><strong>annos</strong></span> 
     </span>
     <span class='ocr_line' id='line_1_6' title="bbox 89 1422 2057 1565; baseline 0.001 -38"><span class='ocrx_word' id='word_1_46' title='bbox 89 1446 201 1529; x_wconf 86' lang='lat' dir='ltr'><strong>nato</strong></span> <span class='ocrx_word' id='word_1_47' title='bbox 239 1465 390 1564; x_wconf 89' lang='lat' dir='ltr'><strong>quam</strong></span> <span class='ocrx_word' id='word_1_48' title='bbox 427 1427 653 1558; x_wconf 90' lang='lat' dir='ltr'><strong>nondum</strong></span> <span class='ocrx_word' id='word_1_49' title='bbox 688 1422 988 1563; x_wconf 84' lang='lat' dir='ltr'><strong>vigesimum</strong></span> <span class='ocrx_word' id='word_1_50' title='bbox 1024 1428 1252 1565; x_wconf 93' lang='lat' dir='ltr'><strong>quintum</strong></span> <span class='ocrx_word' id='word_1_51' title='bbox 1289 1426 1455 1564; x_wconf 84' lang='lat' dir='ltr'><strong>agenti</strong></span> <span class='ocrx_word' id='word_1_52' title='bbox 1492 1426 1819 1533; x_wconf 88' lang='lat' dir='ltr'><strong>conveniant?</strong></span> <span class='ocrx_word' id='word_1_53' title='bbox 1859 1423 1945 1528; x_wconf 92' lang='lat' dir='ltr'><strong>De</strong></span> <span class='ocrx_word' id='word_1_54' title='bbox 2056 1489 2057 1493; x_wconf 16' lang='grc' dir='ltr'><strong><em>κ</em></strong></span> 
     </span>
     <span class='ocr_line' id='line_1_7' title="bbox 89 1588 1945 1734; baseline 0 -38"><span class='ocrx_word' id='word_1_55' title='bbox 89 1591 410 1697; x_wconf 87' lang='lat' dir='ltr'><strong>Maimonidis</strong></span> <span class='ocrx_word' id='word_1_56' title='bbox 448 1588 700 1695; x_wconf 70' lang='lat' dir='ltr'><strong>Merkaba</strong></span> <span class='ocrx_word' id='word_1_57' title='bbox 730 1592 942 1724; x_wconf 86' lang='lat' dir='ltr'><strong>(Currus</strong></span> <span class='ocrx_word' id='word_1_58' title='bbox 966 1594 1085 1724; x_wconf 84' lang='lat' dir='ltr'><strong>Dei)</strong></span> <span class='ocrx_word' id='word_1_59' title='bbox 1123 1636 1252 1733; x_wconf 92' lang='lat' dir='ltr'><strong>quae</strong></span> <span class='ocrx_word' id='word_1_60' title='bbox 1291 1596 1635 1734; x_wconf 84' lang='lat' dir='ltr'><strong>exscriptoris</strong></span> <span class='ocrx_word' id='word_1_61' title='bbox 1673 1594 1828 1730; x_wconf 90' lang='lat' dir='ltr'><strong>ipsius</strong></span> <span class='ocrx_word' id='word_1_62' title='bbox 1864 1633 1945 1730; x_wconf 84' lang='lat' dir='ltr'><strong>ge·</strong></span> 
     </span>
     <span class='ocr_line' id='line_1_8' title="bbox 88 1760 1945 1903; baseline 0.001 -38"><span class='ocrx_word' id='word_1_63' title='bbox 88 1762 246 1866; x_wconf 83' lang='lat' dir='ltr'><strong>nuinis</strong></span> <span class='ocrx_word' id='word_1_64' title='bbox 283 1760 446 1866; x_wconf 87' lang='lat' dir='ltr'><strong>verbis</strong></span> <span class='ocrx_word' id='word_1_65' title='bbox 484 1762 795 1898; x_wconf 85' lang='lat' dir='ltr'><strong>explananda</strong></span> <span class='ocrx_word' id='word_1_66' title='bbox 830 1764 916 1869; x_wconf 91' lang='lat' dir='ltr'><strong>tibi</strong></span> <span class='ocrx_word' id='word_1_67' title='bbox 947 1764 1165 1881; x_wconf 74' lang='lat' dir='ltr'><strong>videtur·</strong></span> <span class='ocrx_word' id='word_1_68' title='bbox 1185 1763 1360 1900; x_wconf 90' lang='lat' dir='ltr'><strong>obijcio</strong></span> <span class='ocrx_word' id='word_1_69' title='bbox 1387 1765 1657 1903; x_wconf 90' lang='lat' dir='ltr'><strong>quamlibet</strong></span> <span class='ocrx_word' id='word_1_70' title='bbox 1694 1761 1945 1869; x_wconf 91' lang='lat' dir='ltr'><strong>coniectio-</strong></span> 
     </span>
     <span class='ocr_line' id='line_1_9' title="bbox 88 1930 2033 2068; baseline 0.001 -36"><span class='ocrx_word' id='word_1_71' title='bbox 88 1971 204 2035; x_wconf 87' lang='lat' dir='ltr'><strong>nem</strong></span> <span class='ocrx_word' id='word_1_72' title='bbox 230 1969 444 2068; x_wconf 92' lang='lat' dir='ltr'><strong>aequam</strong></span> <span class='ocrx_word' id='word_1_73' title='bbox 471 1968 577 2034; x_wconf 90' lang='lat' dir='ltr'><strong>esse</strong></span> <span class='ocrx_word' id='word_1_74' title='bbox 599 1972 609 2049; x_wconf 92' lang='lat'><em>;</em></span> <span class='ocrx_word' id='word_1_75' title='bbox 648 1970 826 2037; x_wconf 91' lang='lat' dir='ltr'><strong>arcana</strong></span> <span class='ocrx_word' id='word_1_76' title='bbox 852 1931 999 2050; x_wconf 88' lang='lat' dir='ltr'><strong>enim,</strong></span> <span class='ocrx_word' id='word_1_77' title='bbox 1029 1933 1154 2036; x_wconf 92' lang='lat' dir='ltr'><strong>dum</strong></span> <span class='ocrx_word' id='word_1_78' title='bbox 1180 1931 1402 2051; x_wconf 72' lang='lat' dir='ltr'><strong>vivimus</strong></span> <span class='ocrx_word' id='word_1_79' title='bbox 1433 1931 1616 2037; x_wconf 91' lang='lat' dir='ltr'><strong>nemini</strong></span> <span class='ocrx_word' id='word_1_80' title='bbox 1642 1930 1941 2068; x_wconf 89' lang='lat' dir='ltr'><strong>aperiuntur.</strong></span> <span class='ocrx_word' id='word_1_81' title='bbox 2027 1977 2033 1987; x_wconf 94' lang='lat'><strong>·</strong></span> 
     </span>
     <span class='ocr_line' id='line_1_10' title="bbox 87 2096 1955 2239; baseline 0.001 -39"><span class='ocrx_word' id='word_1_82' title='bbox 87 2096 383 2234; x_wconf 84' lang='lat' dir='ltr'><strong>Priusquam</strong></span> <span class='ocrx_word' id='word_1_83' title='bbox 420 2099 646 2235; x_wconf 92' lang='lat' dir='ltr'><strong>culpares</strong></span> <span class='ocrx_word' id='word_1_84' title='bbox 681 2098 907 2206; x_wconf 86' lang='lat' dir='ltr'><strong>homines</strong></span> <span class='ocrx_word' id='word_1_85' title='bbox 945 2140 1071 2239; x_wconf 90' lang='lat' dir='ltr'><strong>quos</strong></span> <span class='ocrx_word' id='word_1_86' title='bbox 1087 2219 1090 2224; x_wconf 39' lang='grc'><strong>,</strong></span> <span class='ocrx_word' id='word_1_87' title='bbox 1108 2099 1194 2205; x_wconf 92' lang='lat' dir='ltr'><strong>tibi</strong></span> <span class='ocrx_word' id='word_1_88' title='bbox 1230 2100 1386 2238; x_wconf 86' lang='lat' dir='ltr'><strong>Legis</strong></span> <span class='ocrx_word' id='word_1_89' title='bbox 1425 2139 1678 2221; x_wconf 85' lang='lat' dir='ltr'><strong>eversores</strong></span> <span class='ocrx_word' id='word_1_90' title='bbox 1712 2099 1789 2204; x_wconf 91' lang='lat' dir='ltr'><strong>alii</strong></span> <span class='ocrx_word' id='word_1_91' title='bbox 1815 2097 1955 2204; x_wconf 79' lang='lat' dir='ltr'><strong>effin&#39;</strong></span> 
     </span>
     <span class='ocr_line' id='line_1_11' title="bbox 87 2266 1945 2408; baseline -0.001 -39"><span class='ocrx_word' id='word_1_92' title='bbox 87 2286 275 2384; x_wconf 86' lang='lat' dir='ltr'><strong>xerant,</strong></span> <span class='ocrx_word' id='word_1_93' title='bbox 317 2267 556 2404; x_wconf 87' lang='lat' dir='ltr'><strong>exquisito</strong></span> <span class='ocrx_word' id='word_1_94' title='bbox 593 2307 721 2405; x_wconf 86' lang='lat' dir='ltr'><strong>opus</strong></span> <span class='ocrx_word' id='word_1_95' title='bbox 759 2289 894 2389; x_wconf 88' lang='lat' dir='ltr'><strong>crat;</strong></span> <span class='ocrx_word' id='word_1_96' title='bbox 939 2308 1068 2373; x_wconf 87' lang='lat' dir='ltr'><strong>unus</strong></span> <span class='ocrx_word' id='word_1_97' title='bbox 1106 2269 1240 2374; x_wconf 92' lang='lat' dir='ltr'><strong>enim</strong></span> <span class='ocrx_word' id='word_1_98' title='bbox 1275 2268 1421 2388; x_wconf 86' lang='lat' dir='ltr'><strong>testis,</strong></span> <span class='ocrx_word' id='word_1_99' title='bbox 1459 2268 1686 2408; x_wconf 90' lang='lat' dir='ltr'><strong>quamvis</strong></span> <span class='ocrx_word' id='word_1_100' title='bbox 1723 2266 1945 2370; x_wconf 91' lang='lat' dir='ltr'><strong>eruditus</strong></span> 
     </span>
     <span class='ocr_line' id='line_1_12' title="bbox 87 2432 1942 2574; baseline 0 -38"><span class='ocrx_word' id='word_1_101' title='bbox 87 2474 186 2538; x_wconf 94' lang='lat' dir='ltr'><strong>non</strong></span> <span class='ocrx_word' id='word_1_102' title='bbox 223 2434 456 2571; x_wconf 81' lang='lat' dir='ltr'><strong>suppetit.</strong></span> <span class='ocrx_word' id='word_1_103' title='bbox 496 2434 614 2542; x_wconf 87' lang='lat' dir='ltr'><strong>Rex</strong></span> <span class='ocrx_word' id='word_1_104' title='bbox 642 2476 854 2574; x_wconf 86' lang='lat' dir='ltr'><strong>magnus</strong></span> <span class='ocrx_word' id='word_1_105' title='bbox 882 2436 940 2568; x_wconf 82' lang='lat' dir='ltr'><strong>l=</strong></span> <span class='ocrx_word' id='word_1_106' title='bbox 950 2436 1195 2574; x_wconf 70' lang='lat' dir='ltr'><strong>insipiens</strong></span> <span class='ocrx_word' id='word_1_107' title='bbox 1226 2437 1308 2544; x_wconf 83' lang='lat' dir='ltr'><strong>cir.</strong></span> <span class='ocrx_word' id='word_1_108' title='bbox 1337 2433 1694 2553; x_wconf 70' lang='lat' dir='ltr'><strong>Ecclesiastes,</strong></span> <span class='ocrx_word' id='word_1_109' title='bbox 1722 2434 1811 2553; x_wconf 83' lang='lat' dir='ltr'><strong>IV,</strong></span> <span class='ocrx_word' id='word_1_110' title='bbox 1840 2432 1942 2565; x_wconf 76' lang='lat'>13¹¹]</span> 
     </span>
     <span class='ocr_line' id='line_1_13' title="bbox 87 2602 1941 2744; baseline 0.001 -39"><span class='ocrx_word' id='word_1_111' title='bbox 87 2619 251 2740; x_wconf 88' lang='lat' dir='ltr'><strong>quem</strong></span> <span class='ocrx_word' id='word_1_112' title='bbox 276 2602 341 2707; x_wconf 89' lang='lat' dir='ltr'><strong>de</strong></span> <span class='ocrx_word' id='word_1_113' title='bbox 378 2603 497 2708; x_wconf 90' lang='lat' dir='ltr'><strong>solio</strong></span> <span class='ocrx_word' id='word_1_114' title='bbox 534 2602 744 2739; x_wconf 85' lang='lat' dir='ltr'><strong>dejicere</strong></span> <span class='ocrx_word' id='word_1_115' title='bbox 781 2604 998 2723; x_wconf 71' lang='lat' dir='ltr'><strong>volebas</strong></span> <span class='ocrx_word' id='word_1_116' title='bbox 1021 2604 1189 2742; x_wconf 87' lang='lat' dir='ltr'><strong>magni</strong></span> <span class='ocrx_word' id='word_1_117' title='bbox 1226 2606 1363 2744; x_wconf 88' lang='lat' dir='ltr'><strong>apud</strong></span> <span class='ocrx_word' id='word_1_118' title='bbox 1401 2645 1573 2743; x_wconf 84' lang='lat' dir='ltr'><strong>regem</strong></span> <span class='ocrx_word' id='word_1_119' title='bbox 1602 2602 1941 2736; x_wconf 77' lang='lat' dir='ltr'><strong>[scientiarum.</strong></span> 
     </span>
     <span class='ocr_line' id='line_1_14' title="bbox 86 2768 1958 2910; baseline -0.001 -37"><span class='ocrx_word' id='word_1_120' title='bbox 86 2768 465 2903; x_wconf 81' lang='lat' dir='ltr'><strong>Maimonideml</strong></span> <span class='ocrx_word' id='word_1_121' title='bbox 517 2794 633 2890; x_wconf 91' lang='lat' dir='ltr'><strong>erat,</strong></span> <span class='ocrx_word' id='word_1_122' title='bbox 687 2776 851 2910; x_wconf 84' lang='lat' dir='ltr'><strong>atque,</strong></span> <span class='ocrx_word' id='word_1_123' title='bbox 898 2814 980 2879; x_wconf 92' lang='lat' dir='ltr'><strong>me</strong></span> <span class='ocrx_word' id='word_1_124' title='bbox 1030 2785 1237 2910; x_wconf 86' lang='lat' dir='ltr'><strong>puero,1²</strong></span> <span class='ocrx_word' id='word_1_125' title='bbox 1282 2772 1485 2880; x_wconf 89' lang='lat' dir='ltr'><strong>memini</strong></span> <span class='ocrx_word' id='word_1_126' title='bbox 1533 2772 1717 2877; x_wconf 89' lang='lat' dir='ltr'><strong>Lunati</strong></span> <span class='ocrx_word' id='word_1_127' title='bbox 1763 2768 1958 2874; x_wconf 90' lang='lat' dir='ltr'><strong>librum</strong></span> 
     </span>
     <span class='ocr_line' id='line_1_15' title="bbox 86 2937 1943 3078; baseline 0 -36"><span class='ocrx_word' id='word_1_128' title='bbox 86 2939 243 3056; x_wconf 82' lang='lat' dir='ltr'><strong>eius‚¹³</strong></span> <span class='ocrx_word' id='word_1_129' title='bbox 270 2937 460 3044; x_wconf 89' lang='lat' dir='ltr'><strong>statutis</strong></span> <span class='ocrx_word' id='word_1_130' title='bbox 483 2941 597 3044; x_wconf 92' lang='lat' dir='ltr'><strong>anni</strong></span> <span class='ocrx_word' id='word_1_131' title='bbox 634 2941 956 3078; x_wconf 68' lang='lat' dir='ltr'><strong>temporibus</strong></span> <span class='ocrx_word' id='word_1_132' title='bbox 996 2940 1108 3078; x_wconf 84' lang='lat' dir='ltr'><strong>legi.</strong></span> <span class='ocrx_word' id='word_1_133' title='bbox 1150 2941 1430 3048; x_wconf 78' lang='lat' dir='ltr'><strong>Accusator</strong></span> <span class='ocrx_word' id='word_1_134' title='bbox 1466 2961 1633 3045; x_wconf 87' lang='lat' dir='ltr'><strong>noster</strong></span> <span class='ocrx_word' id='word_1_135' title='bbox 1662 2937 1943 3044; x_wconf 87' lang='lat' dir='ltr'><strong>meminisse</strong></span> 
     </span>
     <span class='ocr_line' id='line_1_16' title="bbox 86 3095 1980 3246; baseline -0.001 -35"><span class='ocrx_word' id='word_1_136' title='bbox 86 3106 258 3211; x_wconf 85' lang='lat' dir='ltr'><strong>debuit</strong></span> <span class='ocrx_word' id='word_1_137' title='bbox 293 3126 485 3211; x_wconf 89' lang='lat' dir='ltr'><strong>nostros</strong></span> <span class='ocrx_word' id='word_1_138' title='bbox 521 3108 839 3246; x_wconf 73' lang='lat' dir='ltr'><strong>propinquos</strong></span> <span class='ocrx_word' id='word_1_139' title='bbox 871 3108 1118 3213; x_wconf 88' lang='lat' dir='ltr'><strong>eruditum</strong></span> <span class='ocrx_word' id='word_1_140' title='bbox 1151 3100 1499 3234; x_wconf 89' lang='lat' dir='ltr'><strong>Meschullam,</strong></span> <span class='ocrx_word' id='word_1_141' title='bbox 1528 3147 1680 3212; x_wconf 87' lang='lat' dir='ltr'><strong>avum</strong></span> <span class='ocrx_word' id='word_1_142' title='bbox 1703 3127 1940 3223; x_wconf 91' lang='lat' dir='ltr'><strong>nostrum,</strong></span> <span class='ocrx_word' id='word_1_143' title='bbox 1973 3095 1980 3112; x_wconf 52' lang='lat'>⁸</span> 
     </span>
     <span class='ocr_line' id='line_1_17' title="bbox 88 3268 1944 3415; baseline -0.001 -37"><span class='ocrx_word' id='word_1_144' title='bbox 88 3274 291 3412; x_wconf 92' lang='lat' dir='ltr'><strong>eiusque</strong></span> <span class='ocrx_word' id='word_1_145' title='bbox 328 3273 453 3378; x_wconf 90' lang='lat' dir='ltr'><strong>filios</strong></span> <span class='ocrx_word' id='word_1_146' title='bbox 488 3296 638 3415; x_wconf 91' lang='lat' dir='ltr'><strong>atque</strong></span> <span class='ocrx_word' id='word_1_147' title='bbox 663 3280 888 3412; x_wconf 84' lang='lat' dir='ltr'><strong>generos,</strong></span> <span class='ocrx_word' id='word_1_148' title='bbox 918 3275 1093 3382; x_wconf 86' lang='lat' dir='ltr'><strong>florem</strong></span> <span class='ocrx_word' id='word_1_149' title='bbox 1119 3268 1405 3383; x_wconf 93' lang='lat' dir='ltr'><strong>delebatum</strong></span> <span class='ocrx_word' id='word_1_150' title='bbox 1430 3274 1625 3394; x_wconf 91' lang='lat' dir='ltr'><strong>civium,</strong></span> <span class='ocrx_word' id='word_1_151' title='bbox 1653 3272 1944 3380; x_wconf 81' lang='lat' dir='ltr'><strong>familiariter</strong></span> 
     </span>
     <span class='ocr_line' id='line_1_18' title="bbox 86 3436 1938 3581; baseline -0.001 -35"><span class='ocrx_word' id='word_1_152' title='bbox 86 3482 179 3546; x_wconf 91' lang='lat' dir='ltr'><strong>avo</strong></span> <span class='ocrx_word' id='word_1_153' title='bbox 205 3482 317 3547; x_wconf 93' lang='lat' dir='ltr'><strong>meo</strong></span> <span class='ocrx_word' id='word_1_154' title='bbox 346 3436 609 3574; x_wconf 81' lang='lat' dir='ltr'><strong>[Samuele]</strong></span> <span class='ocrx_word' id='word_1_155' title='bbox 643 3482 834 3581; x_wconf 92' lang='lat' dir='ltr'><strong>suoque</strong></span> <span class='ocrx_word' id='word_1_156' title='bbox 872 3465 1011 3581; x_wconf 91' lang='lat' dir='ltr'><strong>patre</strong></span> <span class='ocrx_word' id='word_1_157' title='bbox 1025 3457 1058 3509; x_wconf 76' lang='lat'><strong>¹⁴</strong></span> <span class='ocrx_word' id='word_1_158' title='bbox 1094 3485 1210 3550; x_wconf 86' lang='lat' dir='ltr'><strong>usos</strong></span> <span class='ocrx_word' id='word_1_159' title='bbox 1244 3445 1404 3550; x_wconf 81' lang='lat' dir='ltr'><strong>fuisse.</strong></span> <span class='ocrx_word' id='word_1_160' title='bbox 1444 3442 1639 3547; x_wconf 87' lang='lat' dir='ltr'><strong>Eorum</strong></span> <span class='ocrx_word' id='word_1_161' title='bbox 1676 3442 1938 3579; x_wconf 88' lang='lat' dir='ltr'><strong>postulatu,</strong></span> 
     </span>
     <span class='ocr_line' id='line_1_19' title="bbox 86 3584 1943 3750; baseline -0.001 -36"><span class='ocrx_word' id='word_1_162' title='bbox 86 3610 149 3729; x_wconf 90' lang='lat' dir='ltr'><strong>hi,</strong></span> <span class='ocrx_word' id='word_1_163' title='bbox 190 3649 316 3749; x_wconf 86' lang='lat' dir='ltr'><strong>quos</strong></span> <span class='ocrx_word' id='word_1_164' title='bbox 354 3650 504 3748; x_wconf 91' lang='lat' dir='ltr'><strong>supra</strong></span> <span class='ocrx_word' id='word_1_165' title='bbox 541 3613 825 3731; x_wconf 89' lang='lat' dir='ltr'><strong>memoravi,</strong></span> <span class='ocrx_word' id='word_1_166' title='bbox 864 3612 1275 3750; x_wconf 87' lang='lat' dir='ltr'><strong>philosophorum</strong></span> <span class='ocrx_word' id='word_1_167' title='bbox 1307 3584 1559 3720; x_wconf 81' lang='lat' dir='ltr'><strong>volumina</strong></span> <span class='ocrx_word' id='word_1_168' title='bbox 1582 3609 1864 3719; x_wconf 92' lang='lat' dir='ltr'><strong>nominibus</strong></span> <span class='ocrx_word' id='word_1_169' title='bbox 1892 3608 1943 3713; x_wconf 92' lang='lat' dir='ltr'><strong>in</strong></span> 
     </span>
     <span class='ocr_line' id='line_1_20' title="bbox 86 3765 1940 3918; baseline -0.001 -36"><span class='ocrx_word' id='word_1_170' title='bbox 86 3780 320 3885; x_wconf 90' lang='lat' dir='ltr'><strong>librorum</strong></span> <span class='ocrx_word' id='word_1_171' title='bbox 356 3779 500 3884; x_wconf 90' lang='lat' dir='ltr'><strong>initiis</strong></span> <span class='ocrx_word' id='word_1_172' title='bbox 536 3765 785 3916; x_wconf 87' lang='lat' dir='ltr'><strong>appositis,</strong></span> <span class='ocrx_word' id='word_1_173' title='bbox 825 3783 1054 3887; x_wconf 88' lang='lat' dir='ltr'><strong>translata</strong></span> <span class='ocrx_word' id='word_1_174' title='bbox 1091 3781 1305 3888; x_wconf 88' lang='lat' dir='ltr'><strong>edidere.</strong></span> <span class='ocrx_word' id='word_1_175' title='bbox 1345 3779 1486 3918; x_wconf 87' lang='lat' dir='ltr'><strong>Ergo</strong></span> <span class='ocrx_word' id='word_1_176' title='bbox 1519 3778 1605 3884; x_wconf 90' lang='lat' dir='ltr'><strong>viri</strong></span> <span class='ocrx_word' id='word_1_177' title='bbox 1655 3778 1940 3907; x_wconf 89' lang='lat' dir='ltr'><strong>auctoritate</strong></span> 
     </span>
     <span class='ocr_line' id='line_1_21' title="bbox 83 3947 1941 4085; baseline -0.001 -34"><span class='ocrx_word' id='word_1_178' title='bbox 83 3987 262 4085; x_wconf 87' lang='lat' dir='ltr'><strong>graves</strong></span> <span class='ocrx_word' id='word_1_179' title='bbox 297 3949 346 4053; x_wconf 93' lang='lat' dir='ltr'><strong>in</strong></span> <span class='ocrx_word' id='word_1_180' title='bbox 383 3947 545 4053; x_wconf 86' lang='lat' dir='ltr'><strong>studio</strong></span> <span class='ocrx_word' id='word_1_181' title='bbox 582 3949 896 4055; x_wconf 86' lang='lat' dir='ltr'><strong>scientiarum</strong></span> <span class='ocrx_word' id='word_1_182' title='bbox 930 3952 1126 4057; x_wconf 86' lang='lat' dir='ltr'><strong>assidue</strong></span> <span class='ocrx_word' id='word_1_183' title='bbox 1162 3950 1514 4069; x_wconf 89' lang='lat' dir='ltr'><strong>versabuntur;</strong></span> <span class='ocrx_word' id='word_1_184' title='bbox 1555 3947 1631 4053; x_wconf 93' lang='lat' dir='ltr'><strong>alii</strong></span> <span class='ocrx_word' id='word_1_185' title='bbox 1662 3968 1831 4053; x_wconf 91' lang='lat' dir='ltr'><strong>autem</strong></span> <span class='ocrx_word' id='word_1_186' title='bbox 1858 3984 1941 4051; x_wconf 87' lang='lat' dir='ltr'><strong>eas</strong></span> 
     </span>
     <span class='ocr_line' id='line_1_22' title="bbox 85 4107 1942 4257; baseline -0.002 -37"><span class='ocrx_word' id='word_1_187' title='bbox 85 4116 728 4253; x_wconf 81' lang='lat' dir='ltr'><strong>prohibebunt?·Praeterea</strong></span> <span class='ocrx_word' id='word_1_188' title='bbox 745 4116 1080 4226; x_wconf 91' lang='lat' dir='ltr'><strong>Maimonides</strong></span> <span class='ocrx_word' id='word_1_189' title='bbox 1098 4158 1460 4257; x_wconf 88' lang='lat' dir='ltr'><strong>saepenumero</strong></span> <span class='ocrx_word' id='word_1_190' title='bbox 1480 4116 1781 4227; x_wconf 86' lang='lat' dir='ltr'><strong>Samuelem,</strong></span> <span class='ocrx_word' id='word_1_191' title='bbox 1803 4107 1942 4219; x_wconf 91' lang='lat' dir='ltr'><strong>cuius</strong></span> 
     </span>
     <span class='ocr_line' id='line_1_23' title="bbox 85 4281 1937 4425; baseline -0.002 -36"><span class='ocrx_word' id='word_1_192' title='bbox 85 4285 233 4389; x_wconf 89' lang='lat' dir='ltr'><strong>libros</strong></span> <span class='ocrx_word' id='word_1_193' title='bbox 283 4288 538 4392; x_wconf 88' lang='lat' dir='ltr'><strong>translatos</strong></span> <span class='ocrx_word' id='word_1_194' title='bbox 585 4326 863 4425; x_wconf 91' lang='lat' dir='ltr'><strong>numquam</strong></span> <span class='ocrx_word' id='word_1_195' title='bbox 902 4289 1104 4394; x_wconf 93' lang='lat' dir='ltr'><strong>laudare</strong></span> <span class='ocrx_word' id='word_1_196' title='bbox 1148 4289 1367 4407; x_wconf 88' lang='lat' dir='ltr'><strong>cessavit,</strong></span> <span class='ocrx_word' id='word_1_197' title='bbox 1411 4285 1625 4424; x_wconf 89' lang='lat' dir='ltr'><strong>epistolis</strong></span> <span class='ocrx_word' id='word_1_198' title='bbox 1667 4281 1937 4388; x_wconf 89' lang='lat' dir='ltr'><strong>honoravit.</strong></span> 
     </span>
     <span class='ocr_line' id='line_1_24' title="bbox 85 4448 1942 4595; baseline -0.002 -38"><span class='ocrx_word' id='word_1_199' title='bbox 85 4451 397 4560; x_wconf 85' lang='lat' dir='ltr'><strong>Graecorum</strong></span> <span class='ocrx_word' id='word_1_200' title='bbox 433 4456 541 4560; x_wconf 88' lang='lat' dir='ltr'><strong>libri</strong></span> <span class='ocrx_word' id='word_1_201' title='bbox 577 4455 808 4563; x_wconf 88' lang='lat' dir='ltr'><strong>haereses</strong></span> <span class='ocrx_word' id='word_1_202' title='bbox 844 4448 1050 4595; x_wconf 87' lang='lat' dir='ltr'><strong>quidem</strong></span> <span class='ocrx_word' id='word_1_203' title='bbox 1087 4457 1349 4574; x_wconf 87' lang='lat' dir='ltr'><strong>continent,</strong></span> <span class='ocrx_word' id='word_1_204' title='bbox 1390 4476 1439 4561; x_wconf 89' lang='lat' dir='ltr'><strong>at</strong></span> <span class='ocrx_word' id='word_1_205' title='bbox 1473 4494 1564 4559; x_wconf 87' lang='lat' dir='ltr'><strong>nos</strong></span> <span class='ocrx_word' id='word_1_206' title='bbox 1602 4450 1848 4588; x_wconf 93' lang='lat' dir='ltr'><strong>optimum</strong></span> <span class='ocrx_word' id='word_1_207' title='bbox 1874 4490 1942 4554; x_wconf 91' lang='lat' dir='ltr'><strong>se·</strong></span> 
     </span>
     <span class='ocr_line' id='line_1_25' title="bbox 85 4618 1940 4762; baseline -0.004 -35"><span class='ocrx_word' id='word_1_208' title='bbox 85 4619 343 4727; x_wconf 92' lang='lat' dir='ltr'><strong>crevimus.</strong></span> <span class='ocrx_word' id='word_1_209' title='bbox 377 4619 586 4728; x_wconf 84' lang='lat' dir='ltr'><strong>Constat</strong></span> <span class='ocrx_word' id='word_1_210' title='bbox 611 4664 693 4729; x_wconf 92' lang='lat' dir='ltr'><strong>me</strong></span> <span class='ocrx_word' id='word_1_211' title='bbox 718 4625 844 4732; x_wconf 87' lang='lat' dir='ltr'><strong>inter</strong></span> <span class='ocrx_word' id='word_1_212' title='bbox 868 4625 1068 4762; x_wconf 84' lang='lat' dir='ltr'><strong>Legem</strong></span> <span class='ocrx_word' id='word_1_213' title='bbox 1095 4644 1145 4731; x_wconf 92' lang='lat' dir='ltr'><strong>et</strong></span> <span class='ocrx_word' id='word_1_214' title='bbox 1168 4662 1371 4760; x_wconf 86' lang='lat' dir='ltr'><strong>graecas</strong></span> <span class='ocrx_word' id='word_1_215' title='bbox 1397 4619 1653 4758; x_wconf 91' lang='lat' dir='ltr'><strong>opiniones</strong></span> <span class='ocrx_word' id='word_1_216' title='bbox 1677 4618 1940 4725; x_wconf 89' lang='lat' dir='ltr'><strong>discrimen</strong></span> 
     </span>
     <span class='ocr_line' id='line_1_26' title="bbox 83 4788 1941 4941; baseline -0.002 -49"><span class='ocrx_word' id='word_1_217' title='bbox 83 4788 256 4908; x_wconf 85' lang='lat' dir='ltr'><strong>lacere,</strong></span> <span class='ocrx_word' id='word_1_218' title='bbox 297 4792 434 4929; x_wconf 94' lang='lat' dir='ltr'><strong>quod</strong></span> <span class='ocrx_word' id='word_1_219' title='bbox 471 4790 525 4910; x_wconf 90' lang='lat' dir='ltr'><strong>si,</strong></span> <span class='ocrx_word' id='word_1_220' title='bbox 567 4792 845 4899; x_wconf 89' lang='lat' dir='ltr'><strong>discrimine</strong></span> <span class='ocrx_word' id='word_1_221' title='bbox 880 4814 1085 4941; x_wconf 80' lang='lat' dir='ltr'><strong>remotq,</strong></span> <span class='ocrx_word' id='word_1_222' title='bbox 1124 4791 1340 4928; x_wconf 89' lang='lat' dir='ltr'><strong>aliquem</strong></span> <span class='ocrx_word' id='word_1_223' title='bbox 1376 4791 1542 4896; x_wconf 84' lang='lat' dir='ltr'><strong>locum</strong></span> <span class='ocrx_word' id='word_1_224' title='bbox 1578 4789 1643 4893; x_wconf 94' lang='lat' dir='ltr'><strong>ad</strong></span> <span class='ocrx_word' id='word_1_225' title='bbox 1680 4826 1842 4893; x_wconf 87' lang='lat' dir='ltr'><strong>sacros</strong></span> <span class='ocrx_word' id='word_1_226' title='bbox 1867 4824 1941 4891; x_wconf 87' lang='lat' dir='ltr'><strong>co</strong></span> 
     </span>
     <span class='ocr_line' id='line_1_27' title="bbox 84 4953 1938 5098; baseline -0.001 -37"><span class='ocrx_word' id='word_1_227' title='bbox 84 4957 218 5063; x_wconf 91' lang='lat' dir='ltr'><strong>dices</strong></span> <span class='ocrx_word' id='word_1_228' title='bbox 235 4958 565 5094; x_wconf 91' lang='lat' dir='ltr'><strong>pertinentem</strong></span> <span class='ocrx_word' id='word_1_229' title='bbox 589 4959 741 5067; x_wconf 91' lang='lat' dir='ltr'><strong>libere</strong></span> <span class='ocrx_word' id='word_1_230' title='bbox 766 4959 1113 5098; x_wconf 91' lang='lat' dir='ltr'><strong>interpetratus</strong></span> <span class='ocrx_word' id='word_1_231' title='bbox 1132 5000 1259 5079; x_wconf 89' lang='lat' dir='ltr'><strong>sum,</strong></span> <span class='ocrx_word' id='word_1_232' title='bbox 1282 4956 1526 5094; x_wconf 89' lang='lat' dir='ltr'><strong>majorum</strong></span> <span class='ocrx_word' id='word_1_233' title='bbox 1544 4954 1751 5092; x_wconf 84' lang='lat' dir='ltr'><strong>vestigia</strong></span> <span class='ocrx_word' id='word_1_234' title='bbox 1770 4953 1938 5092; x_wconf 87' lang='lat' dir='ltr'><strong>pressi.</strong></span> 
     </span>
    </p>
   </div>
   <div class='ocr_carea' id='block_1_2' title="bbox 82 5168 2017 5985">
    <p class='ocr_par' dir='ltr' id='par_1_2' title="bbox 196 5168 2017 5268">
     <span class='ocr_line' id='line_1_28' title="bbox 196 5168 2017 5268; baseline 0.002 -18"><span class='ocrx_word' id='word_1_235' title='bbox 196 5188 219 5226; x_wconf 80' lang='lat'><strong>1⁰</strong></span> <span class='ocrx_word' id='word_1_236' title='bbox 242 5186 340 5252; x_wconf 69' lang='lat' dir='ltr'><strong>Har.</strong></span> <span class='ocrx_word' id='word_1_237' title='bbox 364 5168 619 5268; x_wconf 67' lang='lat' dir='ltr'><strong>12·it.‚xxvn‚</strong></span> <span class='ocrx_word' id='word_1_238' title='bbox 644 5191 780 5262; x_wconf 60' lang='grc' dir='ltr'><strong>στὶ-73.</strong></span> <span class='ocrx_word' id='word_1_239' title='bbox 901 5178 906 5190; x_wconf 90' lang='grc'>·</span> <span class='ocrx_word' id='word_1_240' title='bbox 2014 5259 2017 5268; x_wconf 66' lang='grc'><em>,</em></span> 
     </span>
    </p>

    <p class='ocr_par' dir='ltr' id='par_1_3' title="bbox 82 5285 1940 5481">
     <span class='ocr_line' id='line_1_29' title="bbox 193 5285 1940 5376; baseline -0.002 -23"><span class='ocrx_word' id='word_1_241' title='bbox 193 5292 216 5329; x_wconf 91' lang='lat'><strong>¹¹</strong></span> <span class='ocrx_word' id='word_1_242' title='bbox 241 5289 307 5354; x_wconf 89' lang='lat' dir='ltr'><strong>Hic</strong></span> <span class='ocrx_word' id='word_1_243' title='bbox 332 5289 485 5376; x_wconf 87' lang='lat' dir='ltr'><strong>loquitur</strong></span> <span class='ocrx_word' id='word_1_244' title='bbox 509 5291 554 5357; x_wconf 90' lang='lat' dir='ltr'><strong>de</strong></span> <span class='ocrx_word' id='word_1_245' title='bbox 577 5288 741 5358; x_wconf 81' lang='lat' dir='ltr'><strong>Samuele</strong></span> <span class='ocrx_word' id='word_1_246' title='bbox 764 5290 900 5375; x_wconf 88' lang='lat' dir='ltr'><strong>Jeouda</strong></span> <span class='ocrx_word' id='word_1_247' title='bbox 923 5291 995 5360; x_wconf 86' lang='lat' dir='ltr'><strong>filio</strong></span> <span class='ocrx_word' id='word_1_248' title='bbox 1018 5289 1078 5355; x_wconf 90' lang='lat' dir='ltr'><strong>ibn</strong></span> <span class='ocrx_word' id='word_1_249' title='bbox 1101 5289 1282 5375; x_wconf 90' lang='lat' dir='ltr'><strong>Tibbon†</strong></span> <span class='ocrx_word' id='word_1_250' title='bbox 1303 5293 1397 5358; x_wconf 79' lang='lat'><strong>1232.</strong></span> <span class='ocrx_word' id='word_1_251' title='bbox 1422 5287 1496 5356; x_wconf 83' lang='lat' dir='ltr'><strong>Cir.</strong></span> <span class='ocrx_word' id='word_1_252' title='bbox 1520 5287 1849 5366; x_wconf 74' lang='lat' dir='ltr'><strong>STmnscnnmoan,</strong></span> <span class='ocrx_word' id='word_1_253' title='bbox 1875 5285 1940 5351; x_wconf 88' lang='lat' dir='ltr'><strong>Ca·</strong></span> 
     </span>
     <span class='ocr_line' id='line_1_30' title="bbox 82 5390 1320 5481; baseline 0.005 -28"><span class='ocrx_word' id='word_1_254' title='bbox 82 5391 143 5455; x_wconf 85' lang='lat' dir='ltr'><strong>tal.</strong></span> <span class='ocrx_word' id='word_1_255' title='bbox 166 5391 366 5471; x_wconf 70' lang='lat' dir='ltr'><strong>Bodleian„</strong></span> <span class='ocrx_word' id='word_1_256' title='bbox 390 5393 458 5459; x_wconf 86' lang='lat' dir='ltr'><strong>col.</strong></span> <span class='ocrx_word' id='word_1_257' title='bbox 483 5394 566 5459; x_wconf 76' lang='lat'>2481</span> <span class='ocrx_word' id='word_1_258' title='bbox 593 5413 671 5481; x_wconf 83' lang='lat' dir='ltr'><strong>sgg.</strong></span> <span class='ocrx_word' id='word_1_259' title='bbox 695 5404 730 5459; x_wconf 90' lang='lat' dir='ltr'><strong>et</strong></span> <span class='ocrx_word' id='word_1_260' title='bbox 752 5394 850 5462; x_wconf 77' lang='lat' dir='ltr'><strong>Hr&#39;st.</strong></span> <span class='ocrx_word' id='word_1_261' title='bbox 874 5394 951 5472; x_wconf 71' lang='lat' dir='ltr'><strong>litt„</strong></span> <span class='ocrx_word' id='word_1_262' title='bbox 974 5390 1129 5472; x_wconf 87' lang='lat' dir='ltr'>XXVII,</span> <span class='ocrx_word' id='word_1_263' title='bbox 1152 5392 1217 5466; x_wconf 79' lang='lat'><strong>573</strong></span> <span class='ocrx_word' id='word_1_264' title='bbox 1241 5414 1320 5480; x_wconf 87' lang='lat' dir='ltr'><strong>sqq.</strong></span> 
     </span>
    </p>

    <p class='ocr_par' dir='ltr' id='par_1_4' title="bbox 82 5491 1941 5678">
     <span class='ocr_line' id='line_1_31' title="bbox 194 5491 1941 5569; baseline -0.004 -9"><span class='ocrx_word' id='word_1_265' title='bbox 194 5494 219 5533; x_wconf 79' lang='lat'><strong>¹²</strong></span> <span class='ocrx_word' id='word_1_266' title='bbox 242 5495 294 5560; x_wconf 86' lang='lat' dir='ltr'><strong>Ita</strong></span> <span class='ocrx_word' id='word_1_267' title='bbox 318 5495 366 5560; x_wconf 89' lang='lat' dir='ltr'><strong>ad</strong></span> <span class='ocrx_word' id='word_1_268' title='bbox 390 5495 494 5560; x_wconf 86' lang='lat' dir='ltr'><strong>fidem</strong></span> <span class='ocrx_word' id='word_1_269' title='bbox 517 5495 677 5561; x_wconf 81' lang='lat' dir='ltr'><strong>editionis</strong></span> <span class='ocrx_word' id='word_1_270' title='bbox 702 5506 739 5563; x_wconf 84' lang='lat' dir='ltr'><strong>et</strong></span> <span class='ocrx_word' id='word_1_271' title='bbox 760 5517 840 5563; x_wconf 87' lang='lat' dir='ltr'><strong>mss.</strong></span> <span class='ocrx_word' id='word_1_272' title='bbox 865 5496 1026 5562; x_wconf 90' lang='lat' dir='ltr'><strong>codicum</strong></span> <span class='ocrx_word' id='word_1_273' title='bbox 1056 5495 1287 5561; x_wconf 85' lang='lat' dir='ltr'><strong>Taurinensis</strong></span> <span class='ocrx_word' id='word_1_274' title='bbox 1310 5506 1345 5560; x_wconf 91' lang='lat' dir='ltr'><strong>et</strong></span> <span class='ocrx_word' id='word_1_275' title='bbox 1376 5493 1611 5569; x_wconf 83' lang='lat' dir='ltr'><strong>Oxoniensis3</strong></span> <span class='ocrx_word' id='word_1_276' title='bbox 1643 5492 1707 5556; x_wconf 88' lang='lat' dir='ltr'><strong>sed</strong></span> <span class='ocrx_word' id='word_1_277' title='bbox 1738 5491 1837 5556; x_wconf 86' lang='lat' dir='ltr'><strong>iuxta</strong></span> <span class='ocrx_word' id='word_1_278' title='bbox 1861 5510 1941 5554; x_wconf 90' lang='lat' dir='ltr'><strong>mss.</strong></span> 
     </span>
     <span class='ocr_line' id='line_1_32' title="bbox 82 5595 1425 5678; baseline 0.001 -18"><span class='ocrx_word' id='word_1_279' title='bbox 82 5596 242 5661; x_wconf 88' lang='lat' dir='ltr'><strong>codicem</strong></span> <span class='ocrx_word' id='word_1_280' title='bbox 265 5595 491 5662; x_wconf 85' lang='lat' dir='ltr'><strong>Parmensem</strong></span> <span class='ocrx_word' id='word_1_281' title='bbox 514 5597 733 5663; x_wconf 75' lang='lat' dir='ltr'><strong>et&#39;codicem</strong></span> <span class='ocrx_word' id='word_1_282' title='bbox 756 5598 1003 5666; x_wconf 86' lang='lat' dir='ltr'><strong>Halberstam:</strong></span> <span class='ocrx_word' id='word_1_283' title='bbox 1034 5602 1118 5662; x_wconf 84' lang='lat' dir='ltr'><strong>“me</strong></span> <span class='ocrx_word' id='word_1_284' title='bbox 1142 5607 1425 5678; x_wconf 81' lang='lat' dir='ltr'><strong>commorante„.</strong></span> 
     </span>
    </p>

    <p class='ocr_par' dir='ltr' id='par_1_5' title="bbox 89 5694 1949 5985">
     <span class='ocr_line' id='line_1_33' title="bbox 194 5694 1949 5767; baseline -0.004 -3"><span class='ocrx_word' id='word_1_285' title='bbox 194 5699 219 5738; x_wconf 80' lang='lat'><strong>¹⁸</strong></span> <span class='ocrx_word' id='word_1_286' title='bbox 242 5697 479 5765; x_wconf 88' lang='lat' dir='ltr'><strong>Probabiliter</strong></span> <span class='ocrx_word' id='word_1_287' title='bbox 510 5700 609 5765; x_wconf 84' lang='lat' dir='ltr'><strong>iuxta</strong></span> <span class='ocrx_word' id='word_1_288' title='bbox 639 5700 826 5767; x_wconf 86' lang='lat' dir='ltr'><strong>lectionem</strong></span> <span class='ocrx_word' id='word_1_289' title='bbox 856 5698 1057 5765; x_wconf 88' lang='lat' dir='ltr'><strong>Parmensis</strong></span> <span class='ocrx_word' id='word_1_290' title='bbox 1088 5699 1318 5766; x_wconf 85' lang='lat' dir='ltr'><strong>Taurinensis</strong></span> <span class='ocrx_word' id='word_1_291' title='bbox 1349 5711 1384 5766; x_wconf 89' lang='lat' dir='ltr'><strong>et</strong></span> <span class='ocrx_word' id='word_1_292' title='bbox 1413 5696 1640 5763; x_wconf 84' lang='lat' dir='ltr'><strong>Halberstam</strong></span> <span class='ocrx_word' id='word_1_293' title='bbox 1672 5717 1753 5761; x_wconf 88' lang='lat' dir='ltr'><strong>mss.</strong></span> <span class='ocrx_word' id='word_1_294' title='bbox 1777 5694 1949 5761; x_wconf 88' lang='lat' dir='ltr'><strong>codicum</strong></span> 
     </span>
     <span class='ocr_line' id='line_1_34' title="bbox 91 5792 1941 5889; baseline -0.002 -26"><span class='ocrx_word' id='word_1_295' title='bbox 91 5798 274 5885; x_wconf 61' lang='lat' dir='ltr'><strong>Ii&#39;qqavou</strong></span> <span class='ocrx_word' id='word_1_296' title='bbox 291 5801 515 5889; x_wconf 78' lang='lat' dir='ltr'><strong>ham-mayr&#39;m</strong></span> <span class='ocrx_word' id='word_1_297' title='bbox 538 5802 612 5867; x_wconf 86' lang='lat' dir='ltr'><strong>scil.</strong></span> <span class='ocrx_word' id='word_1_298' title='bbox 636 5801 828 5887; x_wconf 81' lang='lat' dir='ltr'><strong>disputatio</strong></span> <span class='ocrx_word' id='word_1_299' title='bbox 850 5803 885 5866; x_wconf 90' lang='lat' dir='ltr'><strong>in</strong></span> <span class='ocrx_word' id='word_1_300' title='bbox 905 5804 1002 5882; x_wconf 73' lang='lat' dir='ltr'><strong>Gen„</strong></span> <span class='ocrx_word' id='word_1_301' title='bbox 1018 5802 1046 5881; x_wconf 88' lang='lat'><strong>1,</strong></span> <span class='ocrx_word' id='word_1_302' title='bbox 1063 5803 1094 5869; x_wconf 84' lang='lat'><strong>9.</strong></span> <span class='ocrx_word' id='word_1_303' title='bbox 1118 5799 1168 5867; x_wconf 91' lang='lat' dir='ltr'><strong>At</strong></span> <span class='ocrx_word' id='word_1_304' title='bbox 1191 5802 1297 5868; x_wconf 90' lang='lat' dir='ltr'><strong>editio</strong></span> <span class='ocrx_word' id='word_1_305' title='bbox 1321 5812 1356 5866; x_wconf 92' lang='lat' dir='ltr'><strong>et</strong></span> <span class='ocrx_word' id='word_1_306' title='bbox 1377 5821 1459 5867; x_wconf 84' lang='lat' dir='ltr'><strong>mss.</strong></span> <span class='ocrx_word' id='word_1_307' title='bbox 1483 5799 1600 5866; x_wconf 88' lang='lat' dir='ltr'><strong>codex</strong></span> <span class='ocrx_word' id='word_1_308' title='bbox 1623 5792 1833 5864; x_wconf 85' lang='lat' dir='ltr'><strong>Oxoniensis</strong></span> <span class='ocrx_word' id='word_1_309' title='bbox 1856 5795 1941 5885; x_wconf 86' lang='lat' dir='ltr'><strong>legit</strong></span> 
     </span>
     <span class='ocr_line' id='line_1_35' title="bbox 89 5902 386 5985; baseline 0.01 -20"><span class='ocrx_word' id='word_1_310' title='bbox 89 5902 224 5968; x_wconf 80' lang='lat' dir='ltr'><strong>“libros</strong></span> <span class='ocrx_word' id='word_1_311' title='bbox 247 5903 321 5968; x_wconf 88' lang='lat' dir='ltr'><strong>eius</strong></span> <span class='ocrx_word' id='word_1_312' title='bbox 334 5952 365 5985; x_wconf 82' lang='lat'><strong>„.</strong></span> <span class='ocrx_word' id='word_1_313' title='bbox 382 5910 386 5917; x_wconf 89' lang='lat'>&#39;</span> 
     </span>
    </p>
   </div>
   <div class='ocr_carea' id='block_1_3' title="bbox 195 5999 2044 6094">
    <p class='ocr_par' dir='ltr' id='par_1_6' title="bbox 195 5999 2044 6094">
     <span class='ocr_line' id='line_1_36' title="bbox 195 5999 2044 6094; baseline -0.002 -24"><span class='ocrx_word' id='word_1_314' title='bbox 195 6006 219 6046; x_wconf 82' lang='lat'><strong>¹⁴</strong></span> <span class='ocrx_word' id='word_1_315' title='bbox 242 6006 336 6094; x_wconf 81' lang='lat' dir='ltr'><strong>Juda</strong></span> <span class='ocrx_word' id='word_1_316' title='bbox 359 6006 420 6071; x_wconf 90' lang='lat' dir='ltr'><strong>ibn</strong></span> <span class='ocrx_word' id='word_1_317' title='bbox 443 6006 594 6087; x_wconf 89' lang='lat' dir='ltr'><strong>Tibbon‚</strong></span> <span class='ocrx_word' id='word_1_318' title='bbox 611 6008 884 6094; x_wconf 83' lang='lat' dir='ltr'><strong>quipostulante</strong></span> <span class='ocrx_word' id='word_1_319' title='bbox 899 6006 1133 6074; x_wconf 86' lang='lat' dir='ltr'><strong>Meschullam</strong></span> <span class='ocrx_word' id='word_1_320' title='bbox 1148 6008 1217 6074; x_wconf 91' lang='lat' dir='ltr'><strong>ben</strong></span> <span class='ocrx_word' id='word_1_321' title='bbox 1232 6005 1344 6092; x_wconf 88' lang='lat' dir='ltr'><strong>Jacob</strong></span> <span class='ocrx_word' id='word_1_322' title='bbox 1359 6004 1560 6082; x_wconf 83' lang='lat' dir='ltr'><strong>Lunatensi‚</strong></span> <span class='ocrx_word' id='word_1_323' title='bbox 1574 6002 1677 6069; x_wconf 84' lang='lat' dir='ltr'><strong>vertit</strong></span> <span class='ocrx_word' id='word_1_324' title='bbox 1693 6023 1781 6087; x_wconf 90' lang='lat' dir='ltr'><strong>opus</strong></span> <span class='ocrx_word' id='word_1_325' title='bbox 1797 6001 1940 6090; x_wconf 76' lang='lat' dir='ltr'><strong>Behaye</strong></span> <span class='ocrx_word' id='word_1_326' title='bbox 2040 5999 2044 6006; x_wconf 85' lang='grc'>’</span> 
     </span>
    </p>
   </div>
   <div class='ocr_carea' id='block_1_4' title="bbox 82 6106 1039 6196">
    <p class='ocr_par' dir='ltr' id='par_1_7' title="bbox 82 6106 1039 6196">
     <span class='ocr_line' id='line_1_37' title="bbox 82 6106 1039 6196; baseline 0 -21"><span class='ocrx_word' id='word_1_327' title='bbox 82 6108 151 6175; x_wconf 90' lang='lat' dir='ltr'><strong>ben</strong></span> <span class='ocrx_word' id='word_1_328' title='bbox 174 6106 305 6195; x_wconf 76' lang='lat' dir='ltr'><strong>joseph</strong></span> <span class='ocrx_word' id='word_1_329' title='bbox 332 6108 406 6174; x_wconf 82' lang='lat' dir='ltr'><strong>‘de</strong></span> <span class='ocrx_word' id='word_1_330' title='bbox 430 6110 621 6176; x_wconf 87' lang='lat' dir='ltr'><strong>animorum</strong></span> <span class='ocrx_word' id='word_1_331' title='bbox 645 6109 793 6191; x_wconf 79' lang='lat' dir='ltr'><strong>officiis„</strong></span> <span class='ocrx_word' id='word_1_332' title='bbox 820 6109 1039 6196; x_wconf 84' lang='lat' dir='ltr'><strong>inscriptum.</strong></span> 
     </span>
    </p>
   </div>
   <div class='ocr_carea' id='block_1_5' title="bbox 894 6307 1128 6401">
    <p class='ocr_par' dir='ltr' id='par_1_8' title="bbox 894 6307 1128 6401">
     <span class='ocr_line' id='line_1_38' title="bbox 894 6307 1128 6401; baseline -0.004 0"><span class='ocrx_word' id='word_1_333' title='bbox 894 6307 1128 6401; x_wconf 60' lang='lat' dir='ltr'><strong>seVllet</strong></span> 
     </span>
    </p>
   </div>
   <div class='ocr_carea' id='block_1_6' title="bbox 0 0 2360 7222">
    <p class='ocr_par' dir='ltr' id='par_1_9' title="bbox 0 0 2360 7222">
     <span class='ocr_line' id='line_1_39' title="bbox 0 0 2360 7222; baseline 0 0"><span class='ocrx_word' id='word_1_334' title='bbox 0 0 2360 7222; x_wconf 95' lang='lat' dir='ltr'><strong> </strong></span> 
     </span>
    </p>
   </div>
  </div>
 </body>
</html>
