4710 7222
422 583 511 647 Item
534 594 694 649 centrum
717 581 905 648 excentrici
928 582 1009 645 lune
1032 592 1192 647 mouetur
1208 580 1303 646 circa
1318 592 1478 645 centrum
1494 592 1585 644 terre
1601 579 1636 643 in
1652 579 1808 666 quodam
1824 575 1959 641 circulo
1975 594 2088 658 paruo
2103 573 2196 638 omni

333 689 391 753 die
414 708 467 773 gr.
495 688 530 751 ll
559 699 593 751 et
615 687 698 752 min.
725 690 762 752 ll
790 706 913 751 versus
937 685 1106 752 orientem
1128 684 1271 751 trahens
1294 704 1415 749 secum
1440 704 1566 770 augem
1590 682 1795 749 deferentis.

424 790 469 855 Et
492 802 599 875 caput
622 791 784 857 draconis
809 787 968 880 mouetur
991 790 1084 855 omni
1107 790 1165 855 die
1188 810 1309 855 versus
1333 788 1553 854 occidentem
1577 791 1597 852 3
1630 811 1674 852 m.
1706 788 1794 852 iere.

724 1118 957 1250 (Super
989 1117 1213 1221 tabulam
1240 1124 1490 1221 annorum
1528 1117 1836 1222 collectorum

834 1294 928 1395 sub
965 1293 1137 1396 radice
1170 1293 1232 1397 da
1257 1292 1521 1396 addz‘cz'ona
1540 1330 1619 1425 gr.
1648 1324 1693 1419 3.

335 1535 496 1700 Annis
517 1534 580 1621 hijs
603 1534 788 1619 completis
811 1535 947 1600 scilicet
969 1514 1068 1601 annis
1092 1535 1247 1601 collectis
1271 1534 1374 1601 medii
1398 1545 1511 1599 motus
1544 1533 1620 1598 scil.
1645 1532 1686 1602 76
1709 1533 1802 1598 adde
1826 1533 1903 1597 loco
1927 1531 2009 1594 lune
2034 1530 2054 1591 3
2079 1547 2133 1614 gr.
2164 1539 2198 1592 et

438 1639 594 1703 inuenies
617 1658 726 1703 annos
750 1651 896 1723 equatos
920 1639 966 1705 ad
989 1640 1078 1705 alios
1104 1640 1145 1710 76
1169 1660 1278 1705 annos
1302 1650 1337 1703 et
1359 1638 1409 1704 sic
1431 1638 1488 1703 fac
1510 1657 1652 1722 semper
1675 1648 1712 1704 et
1734 1637 1802 1702 hoc
1826 1635 1959 1700 tamdiu
1983 1630 2142 1718 quandiu
2167 1629 2198 1696 8·

338 1762 442 1826 spera
467 1742 577 1807 estin
600 1743 795 1808 crescendo
820 1755 855 1807 et
878 1755 1003 1828 postea
1024 1764 1094 1809 non
1118 1754 1258 1828 oportet
1281 1743 1414 1809 addere
1438 1743 1503 1807 nisi
1529 1745 1542 1805 l
1569 1763 1622 1830 gr.

426 1845 606 1911 Percurrit
630 1857 747 1912 autem
771 1846 874 1911 Luna
896 1868 995 1912 suum
1020 1848 1241 1933 epyciculum
1264 1848 1300 1911 in
1323 1848 1366 1918 27
1391 1848 1514 1913 diebus
1538 1858 1575 1913 et
1602 1849 1641 1911 13
1664 1847 1758 1912 horis
1782 1857 1817 1911 et
1840 1856 1917 1910 tert.
1933 1845 2103 1910 horarum
2119 1841 2203 1905 fere.

428 1950 605 2038 Peragrat
628 1963 744 2016 autem
767 1971 869 2015 suum
893 1953 1112 2018 deferentem
1135 1952 1170 2015 in
1194 1951 1279 2016 orbe
1302 1952 1477 2039 signorum
1501 1952 1537 2014 in
1560 1953 1603 2016 29
1628 1950 1751 2016 diebus
1775 1961 1809 2014 et
1837 1950 1876 2013 12
1892 1949 1988 2014 horis
2006 1959 2042 2011 et
2057 1945 2205 2011 dimidia

339 2066 375 2119 et
399 2059 434 2119 t·
456 2056 557 2119 unius
580 2056 666 2119 hore
687 2056 775 2134 iere,
798 2051 993 2122 s'ecundum
1016 2055 1259 2141 Attraganum,
1283 2056 1361 2121 diff.
1385 2058 1417 2120 3.

429 2162 475 2225 Et
491 2160 671 2226 sciendum
688 2182 752 2245 per
775 2160 864 2225 duas
884 2160 989 2225 horas
1010 2160 1088 2223 fere
1111 2159 1283 2244 percurrit
1306 2160 1390 2224 luna
1414 2157 1515 2224 citius
1532 2159 1666 2246 signum
1691 2181 1798 2244 quam
1820 2180 1921 2225 suum
1943 2157 2204 2225 excentricum.

428 2263 533 2330 Adde
557 2266 636 2330 loco
659 2265 740 2329 lune
763 2264 804 2334 27
830 2287 875 2328 m.
921 2313 923 2317 «

428 2369 460 2433 E
483 2390 547 2454 pro
572 2369 770 2434 differentia
792 2368 1103 2452 Montispessulani
1126 2369 1241 2432 minue
1265 2369 1308 2432 24
1330 2389 1375 2431 m.
1400 2369 1419 2432 9
1444 2388 1515 2432 sec.
1539 2370 1559 2430 4
1585 2378 1661 2432 tert.

426 2473 527 2537 Luna
550 2484 621 2538 stat
645 2474 680 2535 in
704 2472 863 2557 quolibet
885 2473 986 2559 signo
1009 2471 1145 2538 duobus
1168 2472 1292 2538 diebus
1314 2471 1410 2536 horis
1434 2474 1454 2535 6
1478 2483 1514 2536 et
1536 2482 1669 2555 puncta
1694 2471 1800 2537 dlvn.

431 2576 601 2653 Quelibet
624 2577 758 2642 lunatio
782 2587 920 2643 constat
943 2597 987 2642 ex
1010 2576 1135 2641 diebus
1157 2577 1201 2642 29
1224 2576 1318 2640 horis
1346 2579 1385 2640 12
1408 2597 1453 2640 m.
1477 2580 1518 2641 44
1544 2587 1579 2640 et
1606 2573 1662 2639 18·
1685 2587 1786 2660 parte
1808 2575 1909 2639 unius
1931 2598 1973 2639 m.

429 2681 496 2745 Est
523 2683 576 2746 18·
597 2701 680 2765 pars
703 2680 803 2744 unius
827 2680 909 2744 min.
933 2700 1002 2746 sec.
1028 2682 1048 2744 3
1072 2690 1108 2746 et
1130 2691 1208 2746 tert.
1238 2682 1287 2745 10.

814 3028 982 3161 Super
1013 3027 1238 3131 tabulam
1276 3031 1567 3163 argumenti
1599 3029 1729 3131 lune.

422 3270 492 3335 dde
517 3281 724 3357 argumento
747 3269 831 3336 lune
854 3251 897 3335 26
920 3291 965 3334 m.
1528 3347 1532 3357 ι

444 3374 491 3439 Et
513 3375 630 3440 minue
652 3393 717 3459 pro
740 3373 905 3438 distantia
928 3373 1238 3458 Montispessulani
1260 3375 1304 3437 23
1328 3395 1373 3439 m.
1397 3373 1439 3444 57
1463 3393 1535 3440 sec.
1559 3374 1603 3438 20
1626 3384 1702 3438 tert

426 3479 485 3544 Sic
508 3479 606 3544 iacta
629 3478 915 3564 compensatione
940 3477 985 3542 de
1001 3477 1135 3544 minore
1157 3497 1303 3542 numero
1325 3477 1374 3545 ad
1396 3477 1563 3542 maiorem
1586 3487 1698 3542 restat
1725 3475 1807 3540 min.
1839 3480 1870 3554 2,
1895 3477 1935 3548 57
1968 3497 2037 3542 sec.
2064 3479 2108 3541 20
2140 3488 2204 3547 ter,

427 3581 487 3649 Ad
502 3584 606 3648 istam
629 3582 788 3648 tabulam
811 3593 847 3646 et
869 3592 1073 3668 sequentem
1095 3581 1169 3646 scil.
1182 3579 1303 3649 tabula
1324 3581 1531 3667 Equationis
1552 3581 1702 3646 intratur
1723 3600 1803 3646 cum
1827 3578 2046 3668 Argumento
2063 3581 2159 3646 lune.

427 3687 474 3751 Et
495 3698 580 3753 nota
603 3687 699 3773 quod
723 3686 860 3772 signum
883 3697 919 3751 et
941 3686 1092 3774 gradum
1115 3684 1215 3751 huius
1236 3684 1360 3750 tabule
1382 3705 1453 3751 non
1475 3697 1556 3750 sunt
1572 3685 1617 3751 de
1633 3686 1782 3751 zodiaco
1798 3685 1862 3750 sed
1878 3685 1923 3750 de
1947 3684 2137 3772 epyciculo
2153 3685 2189 3750 di

342 3792 418 3857 viso
442 3790 626 3879 epyciculo
649 3790 684 3853 in
707 3801 827 3874 partes
854 3792 904 3855 12.

781 4125 952 4262 Super
997 4128 1219 4231 tabulam
1265 4131 1555 4262 aquationis
1601 4127 1769 4233 lanae.

400 4373 518 4461 quatio
552 4373 599 4437 ad
632 4383 834 4459 computum
868 4371 1025 4438 februari
1059 4391 1200 4456 semper
1229 4373 1322 4437 intra
1353 4392 1433 4437 cum
1464 4384 1671 4460 argumento
1702 4346 1793 4450 lune,
1826 4372 1921 4458 quod
1958 4373 2136 4441 invenitur
2165 4375 2204 4440 in

421 4478 534 4542 latere
556 4486 593 4540 et
616 4493 696 4541 curn
719 4473 858 4539 minutis
881 4474 1205 4559 proportionalibus
1228 4495 1297 4559 que
1313 4474 1535 4541 inueniuntur
1550 4474 1584 4539 in
1600 4496 1736 4541 summa
1750 4475 1843 4543 linea
1859 4498 1929 4563 que
1944 4478 2068 4565 incipit
2090 4502 2114 4546 a
2130 4485 2154 4547 0
2169 4495 2208 4548 et

336 4581 544 4646 terminatur
567 4579 613 4646 ad
629 4581 685 4644 60.

811 4865 980 4998 Super
1012 4864 1237 4968 tabulam
1274 4870 1468 5000 captiti.
1486 4867 1734 4972 draconti.

340 5116 503 5279 Motus
533 5110 669 5196 equalis
698 5109 826 5176 dicitur
856 5110 892 5173 in
923 5107 1041 5194 capite
1072 5108 1236 5175 draconis
1266 5110 1402 5176 medius
1431 5122 1545 5177 motus
1575 5112 1637 5198 qui
1664 5111 1761 5179 cadit
1790 5125 1915 5181 contra
1937 5118 2204 5189 successionem

442 5215 643 5302 signorum:
667 5214 768 5292 aries,
790 5214 905 5298 pisces
927 5225 1013 5292 etc.;
1037 5223 1150 5278 motus
1173 5233 1277 5279 verus
1293 5213 1389 5281 cadit
1404 5215 1597 5282 secundum
1612 5217 1870 5283 successionem
1885 5211 2078 5307 signorum:
2096 5223 2205 5317 aries,

339 5328 459 5382 taurus
482 5328 554 5383 etc·

427 5418 632 5506 Nonaginta
647 5417 760 5484 tribus
776 5419 876 5483 annis
892 5420 997 5485 finitis
1014 5419 1109 5484 adde
1125 5439 1231 5503 super
1245 5440 1385 5487 cursum
1401 5422 1564 5509 equalem
1579 5423 1745 5488 draconis
1761 5424 1944 5490 dimidium
1958 5427 2115 5514 gradum
2137 5432 2200 5496 vel

339 5522 508 5590 subtrahe
531 5524 576 5589 de
600 5543 684 5588 vero
706 5543 813 5588 cursu
835 5534 871 5587 et
893 5521 1039 5589 habebis
1061 5523 1188 5588 iterum
1209 5523 1316 5589 aliam
1338 5525 1606 5592 revolutionem.

427 5625 467 5693 Si
490 5625 543 5691 vis
566 5645 697 5711 equare
721 5636 831 5710 caput
855 5625 1017 5692 draconis
1039 5645 1183 5693 remoue
1205 5638 1336 5693 motum
1360 5614 1540 5695 dieruma
1563 5650 1648 5696 vero
1670 5641 1766 5697 motu
1788 5633 1824 5697 in
1846 5634 1948 5699 annis
1972 5635 2132 5702 collectis
2164 5650 2203 5703 et

339 5733 498 5800 habebis·

426 5835 550 5902 Minue
572 5857 593 5900 a
616 5836 695 5902 loco
720 5834 845 5918 capitis
868 5856 913 5900 m.
938 5837 957 5901 8
981 5847 1127 5921 propter
1150 5836 1332 5901 deiectum
1356 5835 1415 5922 qui
1437 5838 1638 5922 repperitur
1659 5837 1694 5901 in
1717 5840 1846 5907 tabulis
1869 5842 2075 5909 tollettanis.

426 5937 473 6005 Et
495 5959 561 6022 pro
584 5938 757 6005 distancia
779 5936 1090 6024 Montispessulani
1114 5961 1184 6008 sec.
1208 5941 1228 6006 9
1251 5949 1332 6006 tert.
1357 5940 1400 6003 50
1422 5939 1549 6006 minue·

1150 6132 1376 6230 moa
