4764 7176
398 591 513 694 liac³
550 626 684 692 anno
720 594 827 712 1236
862 587 941 692 vel
978 581 1132 691 circa⁶
1157 604 1301 688 natus
1334 606 1423 689 est.
1464 582 1655 687 Adhuc
1691 581 1846 686 infans
1882 576 2192 722 parentibus
2215 617 2273 680 or·

397 760 568 861 batus⁷
621 755 951 861 astronomiae
988 751 1327 890 philosophiae
1380 772 1429 856 et
1476 750 1749 857 medicinae
1795 749 2028 858 fortasse8
2067 784 2273 882 operam

397 926 551 1043 dedit,
596 923 1047 1062 blontepessulano
1097 921 1199 1026 lere
1251 918 1480 1025 continue
1518 897 1773 1039 moratus,9
1809 920 2006 1026 modico
2062 937 2273 1051 excepto

398 1122 629 1232 tempore
653 1093 838 1198 Lunati
862 1112 1119 1197 transacto.
1160 1086 1408 1223 Quamvis
1427 1087 1693 1194 talmudica
1710 1088 1874 1195 studia
1894 1088 1958 1194 ab
1978 1083 2130 1193 omni
2152 1082 2274 1189 fideli

264 1350 272 1357 .
398 1263 581 1368 iudaeo
623 1286 742 1367 tunc
777 1264 1066 1378 colerentur,
1102 1259 1186 1364 vix
1224 1299 1283 1364 ea
1314 1255 1467 1386 Jacob
1506 1279 1686 1375 noster,
1743 1280 1798 1362 ut
1834 1258 2045 1374 videtur,
2091 1253 2272 1389 attigit

399 1432 609 1568 proinde
645 1471 805 1568 quum
837 1427 1135 1566 jampridem
1172 1426 1346 1533 oborta
1384 1446 1511 1531 essct
1549 1447 1597 1530 et
1623 1447 1739 1532 tunc
1778 1428 2014 1564 temporis
2053 1422 2274 1528 maxime

401 1599 635 1737 flagraret
658 1596 987 1706 controversia
1010 1596 1136 1700 inter
1161 1592 1337 1699 Moisis
1355 1591 1677 1699 Maimonidis
1696 1616 1971 1710 sectatores,
1991 1592 2136 1699 idest
2157 1631 2275 1728 pure

401 1769 722 1906 philosophos
747 1769 825 1872 vel
851 1764 1163 1902 allegoristas‚
1195 1785 1243 1868 et
1268 1760 1668 1883 traditionalistas‚
1695 1763 1873 1870 scilicet
1910 1783 2196 1869 sectatores
2220 1758 2277 1864 lit·

401 1961 536 2042 terae
560 1936 845 2074 Scripturae
863 1932 1057 2051 Sacrae,
1077 1971 1335 2071 nunquam
1359 1931 1597 2037 dimoveri
1623 1931 1782 2068 potuit
1805 1974 1834 2037 a
1859 1930 2276 2037 rationalistarum

401 2105 656 2221 sententia,
677 2144 809 2242 quae
834 2101 879 2208 ei
898 2101 1176 2208 communis
1196 2087 1298 2206 erat
1316 2139 1433 2206 cum
1455 2099 1690 2219 omnibus
1708 2101 1808 2205 suis
1834 2099 2137 2239 parentibus
2167 2096 2277 2201 Tib·

288 2374 295 2381 ,
400 2273 609 2378 bonidis.
648 2271 827 2376 Exstat
862 2271 928 2375 ad
963 2269 1093 2374 hanc
1129 2309 1237 2375 rem
1270 2268 1474 2407 epistola
1494 2267 1665 2398 Jacobi
1691 2273 1837 2407 (quae
1863 2270 1965 2375 sola
1987 2266 2151 2373 nob'is
2181 2307 2276 2404 per·

403 2442 600 2568 mansit)
623 2443 689 2547 ad
709 2440 975 2546 rabbinum
994 2437 1261 2545 Addereth
1281 2476 1564 2576 synagogae
1584 2438 1958 2544 Barcinonensis
1983 2436 2276 2578 praesidem

401 2751 502 2817 nobis
533 2752 756 2838 comparavit
788 2750 912 2836 [“Hoc
944 2769 1032 2835 opus
1063 2748 1165 2838 exegi
1190 2769 1311 2815 mense
1333 2748 1470 2835 saphar
1494 2750 1576 2814 anni
1600 2753 1661 2815 565
1690 2750 1761 2831 (vel
1785 2751 1862 2834 595)
1887 2750 1932 2814 ab
1956 2748 2111 2836 Aegira,
2128 2749 2275 2835 Hispali,

402 2866 588 2941 postquam
609 2874 653 2919 eo
675 2851 845 2919 Corduba
867 2873 922 2920 me
946 2851 1078 2918 contuli
1091 2853 1124 2938 ,]
1149 2871 1218 2918 non
1246 2864 1300 2918 est
1330 2847 1519 2936 Prophacii
1550 2849 1614 2916 sed
1645 2849 1830 2938 Averrois3
1854 2874 1933 2916 nam
1965 2851 2015 2917 illi
2049 2850 2275 2937 inscriptioni

400 2956 506 3022 aliam
535 2955 798 3022 adnotationem
830 2955 931 3020 addit
963 2975 1120 3029 asserens
1143 2975 1231 3039 opus
1255 2977 1275 3019 a
1298 2975 1336 3019 se
1360 2953 1558 3039 perfectum
1583 2975 1660 3020 esse
1684 2976 1802 3019 mense
1824 2953 1932 3019 tebeth
1959 2953 2169 3038 (novemb.)
2199 2954 2274 3019 5063

400 3056 493 3123 idest
518 3058 603 3122 1³02
626 3053 692 3123 Ae.
716 3053 787 3122 VJ·
812 3093 853 3103 -
877 3055 904 3121 I.
928 3055 968 3121 B.
991 3055 1049 3120 Dc
1071 3051 1182 3120 Rossr
1205 3054 1239 3120 in
1263 3076 1326 3120 suo
1356 3055 1571 3146 Ds'monorio
1603 3056 1730 3121 stort'co
1754 3053 1854 3143 degli
1880 3056 1994 3120 Ebret'
2019 3078 2040 3119 e
2074 3055 2177 3120 delle
2209 3056 2274 3122 loro

401 3164 518 3244 opere,
540 3157 680 3236 Parma,
704 3157 808 3225 Dalla
831 3157 876 3223 R.
900 3154 1111 3241 Stamperia‚
1136 3167 1183 3222 to.
1206 3156 1235 3237 1,
1262 3158 1356 3236 1802,
1379 3155 1478 3236 iri-4⁰,
1502 3178 1585 3244 pag.
1613 3159 1673 3223 133
1697 3158 1930 3243 Prophacium
1955 3157 2112 3223 affirmat
2141 3157 2275 3224 Cordu-

400 3261 470 3326 bae
492 3272 529 3324 et
551 3258 688 3346 Hispali
709 3258 890 3325 floruisse·
910 3297 945 3306 -
968 3257 1089 3325 Wolfii
1121 3258 1268 3346 vestigia
1299 3259 1522 3346 persequitur
1550 3258 1757 3327 Anrnunus
1783 3261 1977 3337 Baucnon
2007 3260 2080 3326 Les
2104 3261 2218 3349 juaess
2243 3260 2276 3322 dc

400 3359 605 3445 I'Oeeident,
628 3384 673 3425 ou
694 3361 897 3427 recherches
927 3381 990 3425 sur
1021 3359 1118 3426 l’e‘tol
1146 3359 1239 3444 civil,
1264 3359 1295 3425 le
1316 3381 1501 3427 commarca
1522 3370 1556 3426 et
1578 3363 1613 3426 lo
1637 3361 1836 3427 littdrature
1860 3362 1916 3427 des
1931 3358 2033 3449 jus'fs
2058 3384 2104 3426 en
2132 3363 2181 3428 F
2178 3383 2276 3428 rome

399 3485 441 3529 en
467 3463 639 3551 Espagne
665 3471 700 3528 et
723 3485 765 3528 en
792 3463 900 3529 llals'e
918 3461 1075 3550 pendant
1096 3461 1130 3527 lo
1154 3461 1261 3527 durde
1283 3463 1330 3527 du
1352 3485 1469 3550 moyen
1491 3464 1568 3550 ege,
1593 3463 1705 3543 Paris,
1733 3467 1827 3542 1824,
1851 3463 1950 3530 iri-8⁰.
1974 3502 2014 3512 -
2042 3463 2166 3551 Juxta
2192 3468 2273 3533 alios

400 3564 712 3651 Montepessulani‚
731 3566 923 3633 Cordubae
941 3565 1041 3654 juxta
1057 3565 1145 3631 alios
1169 3576 1288 3630 natum
1310 3564 1546 3651 Prophacium
1569 3559 1692 3632 asserit
1711 3568 1838 3653 Junrus
1862 3566 2121 3634 Banronoccr
2150 3570 2190 3633 in
2215 3569 2273 3634 Bi-

399 3667 566 3734 bliotheca
587 3688 717 3754 magna
739 3667 919 3733 rabbinica
942 3665 1090 3746 Romae,
1117 3666 1273 3748 1675-93,
1301 3670 1339 3733 14
1363 3669 1447 3734 voll.
1470 3668 1506 3733 in
1529 3669 1594 3737 so:
1617 3669 1680 3734 cfr.
1705 3669 1768 3749 IV,
1793 3671 1869 3735 353.

510 3769 523 3805 ⁵
546 3769 587 3835 In
609 3771 854 3855 manuscriptis
878 3769 995 3835 latinis
1017 3767 1235 3855 Prophacius
1257 3769 1491 3837 Massiliensis
1513 3770 1726 3857 appellatur.
1752 3771 1905 3848 Quidam
1934 3771 2041 3836 etiam
2076 3772 2273 3840 hebraicus

400 3870 654 3958 manuscriptus
677 3870 800 3938 Codex
824 3869 1033 3936 Oxoniensis
1058 3868 1175 3957 (Oppc
1192 3870 1266 3952 579,
1289 3873 1337 3938 fo.
1359 3873 1426 3957 58),
1451 3872 1510 3958 qui
1534 3870 1736 3938 hebraicam
1761 3873 1955 3938 versionem
1978 3872 2054 3939 eius
2081 3875 2214 3959 operis
2237 3876 2273 3940 de

399 3970 609 4056 ,Quadratum
630 3974 796 4054 continet,
811 3974 864 4040 his
887 3972 1003 4039 verbis
1028 3974 1272 4040 concluditur:
1301 3973 1426 4040 “Finis
1449 3975 1553 4040 totius
1577 3974 1695 4059 operis
1718 3975 1762 4040 de
1788 3976 1984 4061 quadrante
2009 3997 2029 4039 a
2055 3975 2106 4041 R.
2135 3975 2177 4044 S.
2204 3980 2274 4042 viro

400 4075 536 4142 erudito
559 4076 755 4164 compositi,
779 4078 838 4164 qui
861 4077 980 4164 lingua
1002 4075 1282 4156 christianorum,
1305 4097 1432 4163 nempe
1456 4076 1577 4156 latina,
1605 4077 1833 4163 Prophacius
1855 4078 2007 4142 [sedocus
2030 4075 2275 4144 Massiliensis

400 4177 611 4264 appellatur,
635 4178 693 4264 qui
716 4178 802 4245 urbe
825 4177 1149 4265 Montepessulano,
1171 4178 1235 4245 sub
1258 4191 1375 4245 monte
1397 4178 1590 4245 Pessulano
1614 4180 1741 4264 posita,
1765 4179 1940 4246 domicilio
1962 4180 2089 4246 utitur.
2225 4185 2229 4193 ’

511 4275 728 4346 ‘Hebraico
758 4280 935 4346 traductio
966 4279 1221 4346 dissertationis
1253 4281 1382 4347 Costae
1412 4281 1480 4346 ben
1511 4281 1611 4347 Luca
1642 4283 1684 4346 de
1713 4283 1886 4369 sphaerae
1916 4281 2124 4348 armillaris
2161 4307 2231 4356 assu
2260 4308 2275 4348 a

399 4391 518 4447 nostro
540 4379 679 4466 Jacobo
702 4393 849 4448 exarata
872 4381 990 4461 habet,
1010 4391 1049 4446 ut
1072 4382 1279 4462 videbimus,
1301 4383 1336 4448 in
1360 4385 1596 4470 manuscripto
1620 4385 1741 4451 codice
1755 4384 1945 4449 Parmensi
1973 4385 2032 4456 167
2061 4387 2275 4455 adnotatio

399 4503 479 4550 nem
502 4483 638 4568 nepotis
660 4482 847 4569 Prophacii
872 4505 942 4571 qua
966 4494 1089 4569 aperte
1113 4484 1318 4550 declaratur
1339 4485 1537 4553 versionem
1560 4486 1759 4553 confectam
1782 4488 1890 4552 fuisse
1914 4508 2005 4552 anno
2030 4490 2126 4555 5016
2156 4489 2207 4558 A.
2231 4493 2274 4558 M.

399 4585 565 4652 videticet
593 4584 676 4653 1256
701 4582 766 4652 Ae.
793 4586 837 4652 V.
861 4586 933 4653 Sed
956 4598 1038 4651 ante
1061 4587 1162 4653 istam
1186 4588 1444 4654 traductionem
1468 4589 1642 4674 praesumi
1667 4601 1784 4676 potest
1807 4588 1963 4654 Euclidis
1986 4589 2191 4659 Elementa
2211 4597 2275 4682 jam

400 4687 556 4767 vertisse,
572 4708 653 4752 nam
668 4688 704 4754 in
719 4688 900 4773 proaemio
916 4687 1016 4754 huius
1037 4688 1115 4755 libri
1139 4690 1185 4755 de
1208 4711 1245 4754 se
1270 4710 1379 4774 puero
1403 4691 1563 4777 loquitur.
1588 4691 1734 4775 Insuper
1751 4690 1917 4756 rabbinus
1935 4690 2039 4756 Abba
2057 4689 2165 4759 Mari
2186 4717 2274 4761 anno

404 4791 486 4856 1301
506 4790 586 4871 (cfr.
603 4787 695 4856 Hist.
712 4790 789 4869 lim,
804 4789 959 4869 XXVII,
975 4812 1057 4880 pag.
1075 4790 1152 4877 647)
1176 4791 1410 4878 Prophacium
1433 4813 1498 4878 per
1522 4792 1704 4877 epistulam
1729 4793 1803 4858 adit
1824 4814 1936 4857 serrem
1960 4815 2038 4858 eum
2064 4799 2274 4880 appellans,

399 4890 495 4978 quod
519 4890 665 4958 verbum
688 4892 819 4958 homini
845 4891 903 4978 qui
925 4892 1182 4981 sexagesimum
1208 4916 1336 4960 annum
1358 4895 1433 4983 egit
1456 4894 1630 4959 convenit.

508 4991 521 5028 ⁷
543 4991 593 5059 Ut
623 4993 805 5060 coniicitur
835 5014 882 5060 ex
913 4995 1134 5078 praelatione
1166 4995 1357 5062 hebraicae
1388 4997 1555 5061 versionis
1580 4997 1697 5081 operis
1722 4999 1976 5064 astronomicae
2000 4995 2087 5062 Abu
2113 4997 2184 5066 Ali
2209 5003 2273 5068 ben

399 5094 563 5161 Haitham
587 5117 608 5161 a
631 5096 831 5178 Prophacio
854 5108 1014 5176 exarata,
1026 5109 1133 5184 atque
1155 5098 1191 5162 in
1214 5099 1327 5164 lucem
1351 5094 1447 5164 edita
1470 5121 1491 5162 a
1514 5098 1841 5165 smmscnnmnm
1873 5101 1907 5163 in
1937 5098 2142 5166 Bullettino
2174 5103 2272 5170 Bon-

397 5198 599 5284 compagae}
623 5195 723 5276 XIV,
749 5196 808 5267 721
834 5218 926 5285 sqq„
950 5197 983 5262 in
1007 5220 1077 5284 qua
1101 5199 1187 5266 dicit
1208 5192 1245 5266 se
1268 5200 1474 5286 parentibus
1498 5201 1631 5279 orbum,
1656 5212 1691 5266 et
1723 5201 1861 5295 inopem
1885 5200 2007 5266 studiis
2035 5203 2270 5271 scientiarum

396 5309 509 5364 totum
532 5298 670 5364 dedisse
693 5309 801 5385 atque
822 5311 861 5365 ut
885 5320 927 5365 eo
948 5299 1090 5366 facilius
1114 5321 1172 5366 eas
1195 5302 1351 5369 disceret
1374 5303 1481 5369 libros
1505 5303 1702 5391 collegisse.
1729 5302 1894 5379 Quadam
1918 5304 1976 5370 die
2004 5304 2159 5389 quidam
2189 5311 2269 5374 alie·

396 5399 523 5488 nigena
546 5412 671 5467 nactus
695 5401 989 5468 demostrationes
1012 5401 1243 5491 al-Ferghani
1262 5425 1384 5490 pamm
1406 5426 1522 5468 rerum
1545 5404 1684 5469 veritati
1707 5407 1922 5490 respondere
1947 5427 2027 5470 eum
2050 5407 2268 5476 adhortatus

398 5512 451 5568 est
472 5512 512 5569 ut
533 5501 658 5568 librum
682 5502 933 5569 Ibn-Haitham
957 5515 1132 5582 verteret3
1154 5506 1266 5592 isque,
1290 5507 1354 5572 etsi
1376 5527 1414 5570 se
1437 5504 1606 5593 imparem
1623 5506 1848 5583 existimaret,
1872 5528 2017 5591 sperans
2033 5507 2140 5577 illum
2159 5514 2267 5578 virum

396 5623 533 5740 errpres
541 5605 920 5773 guopegnerengptulgup
938 5617 1044 5722 atgue
1061 5607 1204 5773 ltinguae
1222 5607 1387 5773 araltricae
1402 5608 1863 5775 ndremoriam.trefricaturutrn
1882 5608 2191 5795 {pustertdgres‘pns
2208 5627 2266 5680 est

576 5727 609 5769 m
711 5727 751 5771 ru
779 5728 815 5769 rr
869 5728 888 5771 e
917 5727 989 5773 raer
1006 5727 1048 5774 eo
1080 5728 1224 5793 empore
1248 5728 1287 5773 ar
1303 5730 1331 5773 ιε
1354 5730 1408 5774 me
1436 5730 1512 5775 reae
1536 5731 1639 5793 penr
1663 5732 1775 5788 eran,
1798 5733 1820 5773 u
1859 5733 1879 5774 a
1908 5731 1995 5775 verr
2056 5733 2093 5780 ο.
2151 5734 2266 5783 srnvc

398 5805 601 5887 (Mimoires
621 5811 718 5893 pour
740 5808 858 5872 servir
881 5808 901 5871 ὰ
926 5805 1096 5875 l’ln’stoire
1119 5808 1160 5872 de
1183 5810 1217 5873 lo
1231 5807 1370 5898 faculte'
1393 5810 1435 5874 de
1456 5809 1625 5875 me‘decinc
1648 5813 1689 5874 de
1712 5811 1943 5897 Montpellier
1972 5834 2038 5897 par
2066 5827 2141 5884 etc.
2166 5839 2266 5885 revus

397 5917 432 5972 et
454 5906 590 5992 publiea
613 5929 679 5993 par
703 5906 753 5973 M.
771 5907 896 5998 Lorry,
912 5908 1021 5990 Paris,
1041 5911 1138 5989 1767,
1155 5911 1263 5996 16-40).
1289 5911 1338 5976 At
1359 5923 1498 5978 constat
1521 5913 1652 5978 nullum
1676 5933 1764 5999 opus
1790 5915 1833 5979 de
1858 5915 2032 5980 medicina
2057 5940 2077 5978 a
2104 5917 2264 6007 Propha-

395 6007 453 6074 cio
477 6008 720 6095 compositam.
1542 6043 1544 6049 ·

504 6109 517 6145 ⁹
540 6105 574 6175 A
597 6111 736 6178 nomine
760 6111 941 6180 rabbinico
963 6113 1062 6180 huius
1085 6115 1240 6182 civitatis
1264 6114 1464 6181 ho-Harri·
1474 6137 1679 6202 nuncupare
1702 6118 1926 6203 semetipsum
1949 6118 2089 6185 solebat

1080 6351 1103 6369 ²
1217 6318 1434 6408 avla
