4710 7222
84 609 216 720 enim
251 612 386 720 idem
424 600 618 719 medius
655 635 819 719 motus
855 599 980 733 solis,
1019 614 1212 723 veneris
1248 636 1296 721 et
1340 604 1595 720 mercurii:
1641 635 1689 722 et
1738 602 1788 719 in'
1836 606 1935 720 istis
2111 740 2116 749 ³

81 805 192 889 octo
233 784 370 888 annis
413 783 628 920 complet
671 783 892 922 quinque
935 781 1264 888 revolutiones
1308 781 1510 919 epicycli
1555 820 1654 886 uno
1690 783 1850 918 gradu
1889 802 1938 887 et
2111 887 2119 895 ,

83 986 130 1077 27
165 943 281 1058 min.
320 955 507 1088 gradus
544 951 762 1090 epicycli
787 950 974 1087 magis:
1015 972 1064 1056 et
1098 948 1193 1056 hoc
1230 951 1372 1058 ideo:
1412 951 1528 1087 quia
1559 971 1734 1055 motus
1748 951 1938 1056 veneris

83 1123 133 1227 in
159 1119 376 1259 epicyclo
403 1148 493 1225 suo
520 1121 795 1256 completur
820 1121 869 1226 in
895 1128 987 1254 584
1019 1122 1196 1250 diebus
1231 1121 1361 1228 fere:
1400 1122 1495 1228 hoc
1533 1145 1606 1229 est
1642 1124 1691 1227 in
1727 1135 1804 1249 583
1841 1122 1937 1230 die·

84 1293 180 1396 bus
215 1298 268 1416 56
306 1290 504 1394 minutis
540 1290 652 1395 diei.
690 1289 844 1428 Igitur
881 1290 1148 1429 multiplica
1182 1302 1263 1417 583
1300 1290 1405 1397 dies
1443 1312 1491 1397 et
1526 1298 1580 1417 56
1617 1290 1805 1399 minuta
1841 1289 1937 1398 diei

84 1500 176 1599 per
200 1499 468 1565 numerum
493 1457 856 1566 revolutionum
883 1459 1086 1599 epicycli
1110 1459 1160 1589 in
1175 1482 1296 1566 octo
1321 1460 1486 1567 annis:
1520 1462 1810 1598 provenient
1836 1493 1938 1599 2919

83 1628 191 1771 dies
223 1665 290 1759 40
319 1600 508 1734 minuta
538 1627 665 1733 diei:
703 1666 830 1764 quos
867 1627 906 1732 si
942 1627 1131 1734 dividas
1167 1669 1258 1766 per
1293 1668 1559 1734 numerum
1595 1630 1789 1737 dierum
1825 1633 1939 1737 anni

84 1805 164 1922 365
202 1816 251 1899 et
287 1816 528 1934 quartam,
568 1795 731 1901 minus
762 1796 995 1901 undecim
1020 1797 1217 1902 minutis
1241 1796 1405 1915 horae,
1435 1798 1723 1933 provenient
1748 1821 1940 1939 septem

85 1964 199 2070 anni
224 1970 304 2090 363
330 1963 436 2105 dies
461 1962 624 2069 minus
649 1965 844 2073 duabus
868 1964 1000 2075 horis
1029 1966 1157 2073 fere:
1197 2005 1351 2102 quare
1388 2005 1479 2102 pro
1515 1987 1625 2073 octo
1661 1967 1799 2075 annis
1835 2008 1941 2106 per·

84 2132 221 2238 fectis
259 2152 441 2238 restant
476 2133 578 2239 duo
614 2132 721 2239 dies
758 2154 806 2239 et
847 2133 949 2241 fere
986 2144 1014 2238 8
1050 2112 1230 2240 horae:
1273 2133 1323 2237 in
1366 2135 1547 2273 quibus
1590 2159 1940 2271 argumentum

85 2299 303 2407 Veneris
325 2336 420 2437 per
455 2340 614 2415 unum
648 2303 863 2438 gradum
900 2313 954 2406 28
983 2302 1179 2406 ¹minuta
1213 2301 1399 2438 gradus
1436 2325 1676 2409 movetur.
1715 2302 1864 2410 Unde
1901 2305 1940 2409 si

86 2471 139 2574 in
175 2466 410 2609 principio
447 2467 649 2614 alicuius
685 2469 998 2576 revolutionis
1035 2471 1106 2578 sol
1141 2468 1285 2578 fuerit
1309 2469 1358 2573 in
1384 2470 1544 2607 primo
1570 2493 1755 2608 puncto
1779 2473 1941 2581 arietis

86 2807 184 2912 hoc
221 2826 294 2912 est
328 2807 378 2910 in
414 2804 653 2942 principio
696 2807 945 2914 secundae
988 2808 1301 2917 revolutionis
1350 2808 1421 2914 sol
1470 2808 1559 2914 en't
1605 2807 1655 2912 in
1706 2809 1941 2947 principio

87 2974 249 3079 arietis
283 2971 411 3079 fere:
449 2972 667 3110 exceptis
699 3010 722 3099 3
754 2974 952 3079 minutis
984 3012 1032 3101 32
1061 2977 1289 3084 secundis
1325 2977 1538 3113 gradus:
1576 2998 1625 3084 et
1659 3016 1816 3083 venus
1854 2976 1943 3082 erit

88 3144 140 3247 in
175 3182 275 3247 uno
311 3144 472 3280 gradu
510 3164 558 3249 et
594 3154 648 3247 28
685 3142 883 3247 minutis
909 3144 1035 3292 ultra
1059 3158 1243 3282 augem
1270 3144 1474 3282 epicycli
1500 3144 1573 3249 sui
1600 3185 1769 3251 versus
1794 3145 1942 3250 orien-

89 3332 194 3417 tem
231 3333 278 3419 et
314 3310 511 3424 distabit
544 3353 576 3421 a
611 3311 712 3418 sole
748 3331 941 3423 tantum
973 3334 1216 3451 quantum
1241 3333 1315 3417 est
1341 3312 1538 3450 equatio
1562 3312 1840 3449 argumenti
1866 3312 1943 3417 de·

88 3478 192 3585 bita
226 3481 311 3589 uni
346 3479 523 3618 gradui
560 3501 609 3589 et
648 3490 707 3585 28
728 3480 957 3600 minutis,
986 3519 1117 3617 quae
1154 3480 1362 3591 estsere
1400 3489 1454 3607 36
1491 3482 1662 3588 minut.
1701 3482 1899 3618 gradus.
1922 3566 1944 3602 „

195 3647 500 3785 Prophacius
522 3671 688 3758 tamen
725 3672 980 3789 computat
1004 3652 1142 3789 quod
1167 3649 1346 3791 Venus
1381 3649 1627 3786 compleat
1662 3670 1774 3756 octo
1809 3647 1946 3755 annis

88 3818 314 3956 quinque
337 3818 669 3927 revolutiones
696 3818 897 3958 epicycli
926 3840 976 3927 et
1002 3856 1069 3952 90
1093 3799 1309 3928 urinuta:
1333 3838 1381 3927 et
1406 3817 1634 3955 aequatio
1668 3816 1947 3954 argumenti

89 3985 271 4097 horum
306 4023 373 4118 90
407 3986 524 4095 min.
562 3974 631 4092 sit
658 4022 706 4114 37
741 3986 914 4095 minut.
954 3984 1076 4122 Quo
1112 3987 1168 4093 fit
1203 4007 1259 4091 ut
1294 4005 1405 4124 post
1441 3985 1652 4123 primam
1695 3983 1947 4090 revolutio

88 4195 212 4263 nem
227 4155 460 4267 addenda
483 4155 577 4261 sint
602 4156 705 4263 duo
730 4156 849 4275 dies
878 4157 1057 4265 decem
1081 4155 1232 4261 horae
1259 4175 1307 4259 et
1332 4191 1380 4278 23
1406 4153 1592 4259 minuta
1616 4151 1730 4270 lere,
1763 4151 1948 4289 quibus

90 4320 257 4428 deficit
281 4341 481 4458 tempus
506 4323 727 4460 quinque
753 4313 1117 4431 revolutionum
1140 4322 1342 4461 epicycli
1369 4323 1560 4430 veneris
1584 4322 1650 4427 ab
1674 4341 1784 4426 octo
1810 4320 1948 4426 annis

91 4489 308 4626 integris,
347 4490 625 4602 secundum
659 4490 1007 4628 Prophacium.
1893 4480 1895 4486 Α

198 4658 251 4765 Si
287 4699 531 4799 quaerere
566 4660 796 4769 volumus
840 4661 1006 4769 locum
1051 4660 1265 4770 Veneris
1302 4661 1353 4767 in
1388 4700 1517 4768 anno
1554 4696 1680 4785 1300,
1718 4657 1805 4795 qui
1850 4696 1950 4762 non

91 4828 335 4965 reperitur
369 4828 420 4936 in
458 4828 650 4948 tabulis,
690 4850 887 4967 oportet
921 4830 974 4935 in
1007 4869 1138 4936 anno
1175 4841 1223 4934 8ο
1261 4828 1575 4936 revolutionis
1610 4829 1773 4935 locum
1819 4866 1951 4934 eum·

92 4999 214 5104 dem
248 5038 468 5109 sumere:
507 4997 673 5134 itaque
710 4999 913 5136 regulae
955 4997 1216 5135 Prophacii
1253 4998 1572 5104 invertendae
1618 5017 1745 5118 sunt.
1792 4994 1952 5101 Forsi-

91 5190 179 5274 tan
215 5166 504 5301 Alighierus
539 5188 590 5273 et
624 5167 916 5304 coaequales
934 5166 1060 5275 haec
1094 5206 1194 5273 non
1230 5166 1696 5274 animadverterunt.
1743 5163 1950 5282 Scilicet,

92 5355 151 5439 ut
187 5355 322 5471 patet
358 5376 421 5445 ex
457 5334 649 5455 tabulis,
678 5334 974 5472 computatis
997 5335 1235 5474 gradibus
1273 5355 1322 5445 et
1357 5332 1555 5443 minutis
1590 5333 1682 5441 loci
1718 5331 1822 5438 veri
1856 5331 1955 5464 Vess

94 5500 227 5607 neris
260 5503 311 5611 in
345 5542 446 5611 uno
471 5543 674 5642 quoque
699 5500 781 5609 die
806 5501 972 5612 marcii
1006 5525 1055 5611 et
1081 5501 1244 5640 aprilis
1280 5502 1393 5609 anni
1425 5512 1456 5607 8
1481 5500 1796 5609 revolutionis
1821 5498 1956 5637 prius

94 5669 466 5777 retrocessimus
515 5671 910 5810 computationes
955 5672 1154 5777 duobus
1200 5670 1378 5781 diebus
1423 5711 1541 5782 cum
1586 5669 1790 5777 dimidio
1842 5668 1954 5775 diei.

94 5838 415 5976 Sumpsimus
451 5839 584 5946 enim
619 5839 880 5946 dimidium
916 5839 1013 5948 diei
1049 5879 1141 5977 pro
1177 5839 1356 5948 decem
1399 5839 1531 5946 horis
1569 5862 1618 5948 et
1655 5876 1703 5966 23
1741 5838 1954 5944 minutis.

94 6005 302 6113 Deinde
339 6047 498 6146 quum
533 6009 584 6113 in
619 6006 720 6113 istis
755 6008 1011 6116 mensibus
1036 6051 1235 6152 semper
1260 6010 1320 6116 sit
1346 6051 1520 6117 cursus
1558 6009 1769 6118 Veneris
1807 6007 1960 6115 maior

881 6361 929 6434 40
961 6342 1101 6428 XXlll
1132 6361 1181 6434 st
