4764 7176
439 119 632 188 defectibus
648 131 683 186 et
698 121 871 189 erroribus
885 121 1026 207 plenum
1041 121 1196 202 diuersis,
1213 122 1294 190 ideo
1310 133 1390 206 post
1405 142 1514 190 annos
1530 124 1678 208 predicti
1691 122 1836 191 Armeni
1850 134 2048 191 sexcentos
2068 121 2182 188 venit
2195 120 2300 189 Ysaac

217 253 241 290 e·
257 241 402 287 ΜΗ·
441 231 613 302 Azarchel
635 235 680 302 de
702 234 824 305 Sibilia
847 256 937 303 anno
965 255 1211 304 saracenorum
1235 239 1346 316 400020,
1374 237 1462 325 i'qui
1484 239 1608 304 uolens
1631 259 1798 324 reparare
1821 240 1953 306 dictum
1981 258 2083 327 opus
2111 236 2300 324 adequauit

439 348 656 417 uniformiter
678 351 838 435 planetas
862 346 994 439 aliquid
1021 351 1184 418 addendo
1207 363 1242 417 et
1263 352 1396 440 aliquid
1419 353 1616 434 minuendo,
1646 375 1715 421 non
1738 365 1855 421 tamen
1878 355 2131 432 sufficienter,
2155 351 2249 439 qnia,
2268 365 2299 421 nt

440 465 523 545 dixi,
545 485 708 552 magnum
742 466 907 552 temporis
929 466 1080 554 spatium
1111 468 1227 535 iuerat
1250 467 1340 535 inter
1369 465 1559 535 Armenum
1583 482 1617 536 et
1647 470 1775 558 ipsum,
1802 472 1848 537 ad
1871 471 1970 558 quod
2003 467 2299 555 consequebatur

439 600 566 669 magna
588 579 769 648 diuersitas
783 581 818 646 in
833 581 1075 669 adequacione
1098 584 1330 669 planetarum.
1356 582 1527 661 Quamuis
1550 586 1718 657 antemio
1734 585 1848 655 medio
1870 598 1968 654 motu
1994 585 2242 672 planetarum
2254 586 2299 653 nel

439 694 553 782 equali
576 707 718 782 possent
741 696 814 764 fieri
842 709 938 766 certe
960 698 1194 787 resolutiones
1225 699 1273 766 ad
1302 711 1438 766 certum
1468 711 1616 786 tempus,
1646 712 1768 787 posset
1790 701 1895 768 etiam
1918 701 2000 767 dari
2032 708 2152 766 certa
2176 696 2237 765 uia
2262 699 2298 767 ad

438 810 636 901 augendum
650 812 708 878 uel
721 811 942 880 minuendum
956 813 991 878 in
1006 813 1201 880 huiusmodi
1216 814 1502 891 resolutionibus3
1516 827 1631 880 tamen
1647 789 1784 883 constet
1801 816 1897 902 quod
1913 814 2168 884 consimiliter
2184 813 2299 883 crescit

438 937 473 993 et
496 925 667 993 decrescit
688 939 929 1014 argumentum
952 950 1081 1008 eorum,
1105 931 1194 996 sicut
1215 943 1335 997 notum
1369 941 1423 997 est
1444 930 1564 1017 peritis
1585 931 1620 995 in
1642 930 1787 996 scientia
1808 930 1884 1009 ista,
1908 930 2009 1017 quod
2035 928 2137 1017 quia
2161 927 2298 994 torsiun

438 1064 506 1110 non
528 1045 731 1124 aduertitur,
748 1065 843 1111 error
859 1045 1029 1111 maximus
1052 1034 1272 1112 causabatur.
1288 1044 1333 1135 Ε
1348 1044 1428 1111 Non
1444 1046 1616 1111 decuisset
1633 1065 1719 1134 ergo
1742 1056 1876 1111 tantum
1899 1046 2014 1111 uirum
2032 1044 2148 1112 circa
2165 1042 2297 1109 alterins

439 1160 553 1246 operis
577 1160 825 1229 correctionem
847 1160 1003 1228 insistere
1025 1160 1088 1226 sed
1109 1160 1227 1246 potius
1244 1182 1287 1225 ex
1303 1172 1376 1226 toto
1393 1161 1437 1227 de
1454 1181 1546 1226 nouo
1562 1159 1679 1239 edere,
1703 1161 1798 1248 quod
1813 1161 1904 1227 forte
1920 1160 2062 1227 dimisit
2080 1159 2149 1225 uel
2166 1171 2297 1247 propter

418 1275 595 1343 ¹laborem
617 1275 676 1341 uel
698 1287 840 1362 propter
863 1275 1017 1364 aliquam
1040 1275 1144 1341 aliam
1167 1277 1348 1342 rationem.
1371 1274 1415 1364 Ε
1438 1275 1520 1341 Non
1535 1275 1711 1342 decuisset
1735 1295 1818 1364 ergo
1842 1287 1979 1341 tantum
2003 1275 2138 1341 virum
2156 1274 2298 1344 scribere

439 1412 476 1456 se
499 1390 659 1479 ignorare
680 1403 796 1458 utrum
818 1391 937 1458 tabule
960 1369 1105 1456 Armeni
1129 1412 1215 1478 quas
1237 1390 1311 1476 ipse
1335 1390 1511 1479 corrigere
1534 1389 1721 1468 nitebatur,
1736 1391 1833 1458 facte
1849 1402 1964 1456 essent
1980 1390 2033 1456 ad
2062 1410 2189 1456 annos
2205 1388 2298 1456 chat

438 1504 583 1602 deorum
600 1504 658 1593 qui
671 1516 833 1579 constant
846 1526 890 1572 ex
906 1506 971 1572 365
984 1505 1107 1573 diebus
1122 1507 1179 1572 uel
1191 1506 1237 1572 ad
1249 1527 1358 1572 annos
1374 1505 1580 1585 Alexandri,
1592 1526 1670 1571 curn
1687 1506 1786 1571 radix
1798 1507 1831 1571 in
1843 1504 1972 1572 tabulis
1983 1506 2036 1572 sit
2055 1505 2180 1574 totius
2196 1507 2298 1592 operis

439 1619 767 1710 fundamentum(
783 1620 870 1687 Cum
893 1621 997 1711 igitur
1019 1632 1090 1686 tarn
1106 1641 1150 1689 ex
1167 1620 1294 1687 tabulis
1318 1616 1464 1686 Armeni
1488 1642 1591 1708 quarn
1616 1621 1722 1687 etiam
1746 1621 1877 1706 Ysaac,
1899 1620 2059 1688 studiosi
2087 1621 2234 1687 nullam
2247 1621 2298 1687 uti·

437 1736 571 1802 litatem
594 1743 888 1824 consequerentur
902 1747 1046 1822 propter
1061 1736 1233 1822 predicta,
1256 1742 1482 1824 propterque
1499 1736 1713 1822 quandoque
1729 1736 1874 1820 planeta
1888 1734 2162 1802 inueniebatur
2177 1735 2216 1798 in
2234 1735 2297 1802 loon

438 1851 555 1918 debito
577 1852 786 1939 quandoque
810 1872 893 1918 uero
914 1852 949 1917 in
971 1853 1050 1918 loco
1081 1852 1184 1918 ualde
1217 1851 1354 1919 diuerso
1385 1864 1419 1918 et
1443 1863 1590 1931 remoto,
1625 1852 1707 1918 ideo
1738 1872 1806 1939 ego
1835 1849 2071 1936 Prophacius
2096 1851 2237 1940 judeus
2263 1851 2298 1916 de

437 1965 745 2053 Montepessulano
772 1967 884 2053 primo
907 1967 954 2033 ad
983 1967 1150 2034 bonorem
1171 1965 1238 2034 Dei
1260 1978 1296 2034 et
1319 1967 1463 2057 gloriam
1487 1979 1523 2033 et
1547 1967 1593 2033 ad
1615 1967 1809 2034 amicorum
1832 1987 1993 2033 meorum
2019 1977 2065 2031 et
2089 1967 2299 2055 generaliter

438 2081 484 2148 ad
506 2081 655 2147 omnium
678 2082 873 2162 utilitatem,
895 2081 1075 2169 sequendo
1097 2081 1235 2148 radices
1258 2082 1303 2148 de
1326 2082 1453 2150 tabulis
1476 2081 1687 2149 tholethanis
1711 2092 1888 2166 acceptas,
1913 2081 1959 2146 de
1983 2101 2092 2148 nouo
2118 2079 2223 2149 'edidi
2249 2080 2299 2146 bas

437 2195 574 2263 tabulas
596 2208 771 2264 sumentes
801 2197 1068 2283 computationis
1092 2196 1273 2264 exordium
1295 2196 1341 2263 ab
1364 2218 1456 2264 anno
1473 2196 1751 2264 >Christianorum
1780 2188 1863 2264 1300
1887 2219 1907 2262 a
1930 2196 2057 2283 prima
2089 2196 2156 2264 die
2191 2198 2299 2285 marti}

437 2311 551 2378 Docui
574 2311 679 2377 etiam
700 2312 735 2377 in
758 2311 955 2379 tabularum
976 2313 1119 2379 istarum
1149 2311 1340 2379 canonibus
1361 2312 1502 2379 modum
1525 2324 1560 2378 et
1583 2312 1674 2378 uiam
1698 2312 1887 2399 quomodo,
1918 2323 2123 2379 transacta
2148 2312 2297 2401 qualibet

439 2427 653 2494 reuolutione
678 2428 898 2512 planetarum
921 2428 1045 2515 prima,
1067 2429 1178 2515 possit
1198 2428 1344 2495 inveniri
1367 2430 1512 2515 planeta
1528 2427 1676 2515 quilibet
1691 2429 1725 2492 in
1749 2428 1826 2494 loco
1850 2427 1914 2494 sibi
1936 2426 2071 2494 debito
2096 2426 2199 2516 sicut
2221 2427 2299 2493 inue-

439 2543 529 2607 nitur
542 2563 606 2628 per
622 2543 760 2610 tabulas
776 2544 955 2610 toletanas.
978 2541 1149 2620 Quamuis
1162 2555 1278 2609 autem
1290 2544 1471 2611 doctorum
1487 2544 1639 2610 uirorum
1652 2542 1731 2609 libri
1744 2543 1883 2610 omnino
1898 2542 2049 2608 inutiles
2066 2542 2298 2619 inueniuntur,

439 2656 678 2724 nichilominus
700 2669 821 2731 tamen.
838 2657 928 2725 bone
951 2679 1069 2724 eorum
1091 2659 1264 2724 uoluntati
1287 2659 1390 2724 simul
1413 2670 1448 2724 et
1471 2659 1582 2726 labori
1604 2658 1787 2748 regratiari
1811 2657 1992 2734 debemus,
2019 2657 2119 2745 quia
2135 2656 2210 2745 ipsi
2230 2679 2297 2745 ape

438 2784 584 2839 ruerunt
598 2771 697 2839 nobis
719 2773 813 2839 uiam
836 2785 872 2839 et
894 2774 1033 2840 modum
1051 2796 1154 2862 quem
1178 2793 1241 2840 nos
1264 2775 1370 2841 etiam
1392 2775 1426 2839 in
1448 2774 1515 2841 hoc
1532 2794 1637 2860 opere
1654 2773 1909 2860 prosequimur,
1931 2784 2190 2861 preterquam
2205 2774 2241 2839 in
2259 2786 2300 2838 ta·

438 2886 526 2954 bulis
548 2887 637 2957 lune.
662 2888 714 2956 Ibi
730 2888 819 2955 enim
835 2890 881 2955 ad
896 2890 1138 2956 inueniendum
1153 2910 1275 2957 uerum
1290 2891 1407 2956 locum
1423 2890 1504 2955 lune
1520 2888 1589 2976 ipsi
1604 2890 1812 2956 inuenerunt
1835 2888 1982 2955 breuem
1997 2888 2109 2956 uiam
2125 2889 2168 2954 in
2184 2889 2298 2957 tabulis
2344 2907 2346 2963 ς

439 3003 556 3069 sedin
586 3003 788 3090 operatione
810 3003 989 3071 difficilem
1013 3015 1048 3070 et
1071 2992 1224 3094 longam,
1256 3025 1319 3071 nos
1342 3016 1460 3071 autem
1484 3026 1502 3070 e
1526 3025 1698 3072 conuerso
1732 3003 1879 3070 fecimus
1901 3003 1994 3069 uiam
2024 3003 2203 3092 longam,
2232 3004 2298 3091 quia
2344 3036 2346 3097 4

219 3148 231 3176 s
280 3147 296 3177 v
320 3148 370 3180 co.
437 3139 501 3204 per
522 3117 647 3183 multas
669 3118 808 3185 tabulas
830 3118 995 3185 diffusam
1012 3131 1046 3185 et
1063 3119 1338 3205 multiplicatam,
1358 3121 1364 3205 1
1382 3120 1417 3184 in
1441 3119 1642 3206 operatione
1665 3129 1782 3185 autem
1806 3118 1947 3185 breuem
1964 3128 2002 3184 et
2020 3116 2184 3186 facilem
2209 3130 2298 3207 atque
2344 3106 2346 3175 1

437 3232 575 3299 bonam.
618 3231 678 3298 Ad
710 3233 873 3300 noticiam
908 3246 1024 3301 autem
1060 3255 1233 3302 canonum
1268 3247 1303 3302 et
1337 3236 1578 3321 operationum
1612 3246 1648 3302 et
1681 3233 1880 3300 tabularum
1913 3233 2161 3320 sequentium
2201 3234 2298 3321 primo

436 3348 621 3415 dicendum
645 3349 739 3436 quod
772 3349 866 3415 istud
890 3345 1087 3416 Almanach
1120 3348 1304 3435 Prophatii
1332 3349 1425 3416 iudei
1457 3350 1654 3416 ordinatum
1686 3361 1739 3416 est
1772 3349 1846 3415 siue
1875 3345 2010 3413 factum
2045 3368 2171 3437 super
2194 3348 2298 3415 uillan

435 3464 742 3551 Montispessulani
765 3464 812 3530 ad
834 3464 1013 3532 meridiem
1036 3465 1104 3532 diei
1134 3464 1228 3532 illius
1258 3466 1316 3553 qui
1347 3465 1502 3531 secunda
1533 3465 1618 3531 feria
1641 3464 1848 3531 nominatur.
1871 3463 1915 3553 Ε
1937 3463 2007 3532 Est
2034 3478 2171 3535 autem
2204 3470 2297 3558 longi

436 3578 523 3646 tudo
545 3579 616 3646 eius
640 3580 686 3647 ab
709 3580 842 3648 oriente
869 3582 930 3649 148
962 3582 1135 3671 graduum
1160 3582 1217 3648 vel
1247 3581 1294 3648 ab
1317 3578 1416 3647 Arim
1441 3582 1494 3660 58,
1518 3580 1563 3671 ab
1587 3579 1773 3663 occidente
1803 3599 1887 3647 vero
1909 3583 1952 3649 22
1981 3583 2205 3672 graduum
2235 3584 2297 3653 lati

228 3715 241 3745 c
278 3716 290 3745 ⁶
314 3716 343 3745 n
360 3718 381 3745 κ
437 3695 521 3761 tudo
544 3707 661 3762 autem
684 3694 755 3761 eius
780 3697 821 3760 ts
844 3696 1028 3785 graduum.
1050 3695 1094 3785 Ε
1116 3692 1283 3784 Sequitur
1304 3708 1420 3763 autem
1442 3695 1537 3762 istud
1560 3694 1760 3763 Almanach
1783 3694 1924 3761 modum
1947 3694 2051 3763 illius
2076 3719 2198 3786 quem
2228 3699 2296 3767 fecit

427 3809 655 3876 ‘Ptholemeus
679 3810 726 3877 ad
749 3809 977 3898 Cleopatram
1006 3811 1113 3878 liliam
1135 3833 1245 3893 suam,
1272 3811 1392 3878 sedin
1416 3812 1497 3878 luna
1524 3803 1792 3879 diversificatur.
1815 3808 1860 3902 Ε
1880 3811 1920 3877 In
1951 3811 2026 3878 isto
2060 3828 2199 3884 autern
2226 3815 2295 3884 inci·

434 3925 533 4013 piunt
554 3945 672 3993 omnes
703 3926 936 3994 reuolutiones
966 3928 1188 4013 planetarum
1211 3926 1256 3993 ab
1281 3948 1372 3994 anno
1404 3927 1532 3993 domini
1555 3926 1663 3992 nostri
1687 3926 1767 3993 Iesu
1797 3926 1924 3995 Christi
1950 3928 2045 3995 1300
2070 3942 2113 3998 et
2147 3955 2172 4000 a
2196 3933 2293 4020 print

435 4041 493 4107 die
517 4042 643 4132 marcij.
665 4037 754 4108 Sunt
777 4054 894 4108 autem
917 4063 1037 4111 omnes
1058 4043 1202 4128 planete
1224 4043 1260 4110 in
1283 4043 1395 4129 prima
1418 4044 1469 4130 sui
1492 4041 1717 4108 reuolucione
1741 4042 1861 4130 equati
1884 4044 2091 4112 secundum
2118 4048 2293 4117 ueritatem

436 4157 631 4223 tabularum
656 4157 924 4240 tholetanarum,
946 4158 981 4223 in
1004 4158 1128 4245 quibus
1151 4179 1220 4225 non
1235 4170 1376 4245 oportet
1398 4157 1531 4246 aliquid
1555 4156 1659 4224 minui
1682 4157 1756 4223 siue
1779 4156 1873 4225 addi.
1897 4157 1937 4222 In
1958 4164 2210 4247 sequentibus
2222 4184 2292 4232 uero

434 4273 712 4341 reuolucionibus
736 4273 909 4360 oportebit
933 4274 1018 4340 addi
1041 4274 1098 4339 uel
1128 4274 1235 4365 minui
1260 4274 1452 4340 secundum
1483 4274 1579 4360 quod
1603 4273 1786 4340 docebitur
1808 4272 1899 4339 inira
1921 4273 1955 4339 in
1982 4278 2203 4347 canonibus
2230 4281 2292 4369 pla·

433 4400 598 4459 netarum.
633 4389 857 4488 Colliguntur
890 4389 995 4455 etiam
1017 4389 1215 4456 huiusmodi
1242 4390 1316 4456 dies
1350 4391 1570 4474 superiorum
1594 4389 1696 4455 trium
1729 4389 1950 4475 planetarum
1982 4411 2057 4477 per
2088 4395 2135 4463 10
2159 4408 2293 4484 propter

435 4504 633 4570 tarditatem
657 4516 769 4570 motus
793 4524 912 4570 eorum
935 4505 970 4568 in
993 4505 1117 4591 quibus
1141 4525 1252 4589 parua
1275 4504 1474 4571 differentia
1495 4503 1530 4568 in
1551 4515 1621 4569 tam
1645 4524 1772 4593 magno
1796 4516 1952 4590 tempore
1974 4504 2198 4589 inuenitur;
2219 4511 2291 4579 inie-

435 4621 565 4686 riorum
588 4640 672 4686 uero
695 4620 771 4687 dies
794 4619 1007 4707 colliguntur
1029 4642 1094 4707 per
1116 4621 1134 4687 5
1160 4620 1218 4686 uel
1242 4630 1261 4687 o
1284 4621 1318 4685 in
1341 4621 1407 4686 fine
1432 4620 1599 4686 mensium
1623 4631 1658 4686 et
1680 4621 1874 4687 secundum
1897 4620 1995 4707 quod
2020 4623 2145 4712 aliqui
2168 4647 2290 4697 menses

434 4736 565 4802 solares
589 4746 752 4802 constant
774 4756 818 4801 ex
840 4738 894 4815 30,
918 4736 1061 4834 quidam
1092 4757 1180 4802 vero·
1199 4758 1243 4801 ex
1266 4738 1305 4804 31
1331 4736 1389 4801 uel
1413 4738 1455 4802 28
1480 4735 1538 4801 uel
1560 4737 1602 4802 29
1626 4735 1660 4799 in
1684 4755 1775 4800 anno
1799 4733 1959 4802 bisextili.
1988 4735 2188 4810 Numerus
2217 4762 2289 4811 uero

435 4850 609 4939 graduum
632 4862 667 4915 et
689 4850 901 4916 minutorum
924 4850 984 4937 qui
1006 4851 1042 4916 in
1064 4852 1200 4918 directo
1232 4850 1368 4916 dierum
1404 4851 1578 4935 reperitur
1602 4849 1792 4936 respondet
1813 4850 1932 4917 ultime
1956 4850 2030 4918 diei
2064 4855 2215 4948 denar-ij
2242 4856 2289 4925 vel

437 4966 578 5056 quinarij
600 4966 647 5033 ad
670 4966 848 5032 meridiem
871 4964 1188 5053 Montispessulani,
1204 4987 1268 5053 per
1288 4985 1504 5053 consequens
1520 4965 1653 5055 gradus
1670 4977 1704 5031 et
1720 4966 1851 5032 minuta
1871 4964 2089 5039 intermedia
2107 4992 2289 5061 corespon·

435 5081 519 5147 dent
542 5081 663 5149 diebus
685 5081 901 5148 intermediis
923 5082 1114 5147 secundum
1129 5083 1397 5169 proporcionem
1413 5101 1541 5149 eorum.
1565 5078 1625 5146 Ad
1649 5080 1744 5169 quod
1768 5080 1901 5147 facilius
1924 5082 2191 5157 inveniendum
2206 5088 2288 5155 {acb

317 5194 357 5224 '¹⁰
378 5192 408 5222 “⁸
436 5208 488 5291 est
511 5198 683 5286 quaedam
708 5198 827 5265 tabula
850 5197 967 5283 posita
988 5199 1024 5264 in
1053 5199 1121 5264 fine
1152 5199 1296 5263 aliarum
1321 5191 1530 5265 tabularum.
1553 5196 1598 5287 Ε
1620 5194 1887 5265 Aduertendum
1910 5207 2031 5280 tamen
2056 5204 2166 5287 quod
2190 5203 2226 5268 in
2245 5215 2286 5269 ta·

435 5308 523 5380 bula
541 5314 643 5379 medii
667 5325 781 5380 motus
804 5314 918 5393 lunae,
935 5314 981 5379 ad
995 5314 1239 5382 inueniendum
1265 5326 1397 5380 tanturn
1421 5313 1571 5380 medium
1595 5313 1668 5379 eius
1691 5325 1823 5379 motum
1846 5324 1986 5398 oportet
2009 5315 2105 5385 addi
2124 5319 2144 5391 7
2168 5319 2284 5408 gradun

436 5440 470 5494 et
492 5431 535 5495 40
558 5429 700 5515 minuta,
724 5430 820 5518 quod
842 5450 911 5496 non
934 5442 1075 5515 oportet
1089 5431 1118 5495 si
1135 5431 1181 5496 ad
1202 5430 1448 5497 inueniendum
1471 5451 1593 5495 uerum
1616 5429 1732 5495 locum
1757 5429 1829 5495 eius
1852 5429 1964 5495 addas
1988 5430 2023 5495 ei
2044 5435 2178 5502 statim
2193 5454 2283 5523 equs·

435 5546 579 5611 cionem.
604 5546 644 5610 In
668 5545 796 5612 tabulis
812 5557 928 5611 autem
952 5546 1147 5635 argumenti
1168 5545 1247 5611 lune
1269 5547 1425 5612 inuenies
1449 5546 1537 5611 duos
1558 5545 1699 5611 ordines
1723 5546 1929 5611 minutorum
1944 5564 2057 5632 super
2081 5551 2281 5637 scripturam

436 5663 603 5727 mensium
625 5662 816 5748 positorum
841 5683 987 5750 quorum
1009 5662 1167 5749 superior
1189 5662 1342 5728 ostendit
1365 5682 1543 5727 numerum
1566 5661 1654 5725 ferie
1678 5661 1711 5725 in
1735 5682 1805 5747 qua
1829 5660 1975 5748 quilibet
1999 5665 2140 5731 mensis
2167 5660 2279 5731 lunari

1265 5854 1446 5927 *istri*
