4764 7176
310 580 601 660 sartationum
623 593 741 648 tamen
762 592 903 646 0000101
924 577 1021 667 quod
1043 576 1269 645 consimiliter
1282 578 1411 643 crescit
1427 588 1462 640 et
1476 572 1651 640 decrescit
1665 587 1911 664 argumentum
1928 585 2085 647 eorum,
2099 567 2181 633 sicut

308 695 429 752 notum
443 694 497 750 est
511 681 633 770 peritis
646 682 683 748 iu
697 682 844 749 scientia
856 682 937 760 ista,
952 682 1049 769 quod
1063 680 1147 768 quia
1160 679 1311 745 forsitan
1326 697 1396 742 non
1412 675 1617 753 advertitur,
1632 695 1731 740 error
1745 674 1920 739 maximus
1945 668 2182 739 causabatur.

422 785 482 870 (ln
503 783 709 869 comibus).
731 782 896 872 Sequitur
918 795 1035 850 autem
1057 782 1153 848 istud
1175 780 1361 847 almauach
1385 779 1526 845 modum
1552 777 1645 842 illius
1672 798 1777 864 quem
1807 777 1892 842 t'ecit
1923 773 2184 840 Ptholemaeus

309 889 357 956 ad
381 886 609 975 Cleopatram
631 886 738 954 tiliam
760 907 860 954 ruam
882 886 947 955 red
968 887 1004 951 in
1027 886 1110 951 luna
1132 882 1400 951 diversificatur.
1538 871 1548 891 ⁸

415 1168 534 1276 Vox
569 1165 840 1272 almonaclz
877 1209 940 1274 ex
971 1168 1123 1273 arabo
1149 1166 1287 1273 iuxta
1322 1165 1424 1270 vim
1448 1163 1586 1270 verbi
1612 1163 1851 1302 significat
1876 1158 2089 1266 libmm
2116 1197 2184 1262 ra

310 1338 528 1441 tronum:
562 1356 612 1441 at
646 1335 697 1440 in
720 1335 817 1443 hoc
841 1375 960 1443 casu
991 1357 1259 1472 usurpatur
1290 1374 1382 1473 pro
1413 1332 1593 1439 tabulis
1618 1332 1958 1438 astronomicis
1994 1331 2054 1435 in
2088 1330 2182 1470 qui·

312 1506 409 1611 bus
444 1505 510 1612 de
545 1504 627 1611 die
661 1504 711 1610 in
748 1504 883 1612 diem
912 1504 1209 1611 adnotantur
1239 1505 1346 1610 loca
1377 1502 1518 1621 Solia,
1550 1502 1726 1608 Lunae
1759 1522 1808 1608 et
1831 1500 2181 1607 Planetarum.

311 1672 513 1781 Eodem
537 1671 813 1807 significatu
838 1673 1036 1779 tabulae
1063 1672 1234 1778 Zacuti
1261 1671 1533 1809 appellatae
1566 1691 1679 1775 sunt
1710 1668 1975 1775 almanach
2005 1707 2184 1806 perpe

312 1862 470 1948 tuum.
500 1839 683 1946 Annus
719 1879 1066 1948 saracenorum
1102 1876 1206 1973 400
1242 1837 1409 1975 incipit
1444 1837 1525 1944 die
1561 1874 1620 1941 20
1651 1835 1763 1966 Julii
1794 1877 1837 1941 a.
1877 1845 2012 1940 1008
2040 1874 2184 1941 aerae

313 2007 551 2144 vulgaris:
584 2008 844 2117 Armenus
878 2008 956 2115 ille
994 2046 1114 2146 ergo
1151 2049 1193 2115 a.
1231 2046 1376 2114 aerae
1411 2006 1545 2141 vulg.
1586 2016 1703 2109 1008
1741 2004 1919 2111 floruit.

418 2174 473 2281 In
509 2175 686 2283 tabulis
721 2176 992 2284 Ptolomaei
1028 2176 1336 2316 aliorumque
1372 2194 1767 2279 astronomorum
1797 2175 1946 2278 datur
1977 2172 2183 2280 medius

313 2357 475 2451 motus
512 2343 637 2463 solis,
676 2342 820 2450 lunae
858 2363 907 2449 et
941 2344 1251 2481 planetarum
1282 2344 1331 2447 in
1363 2341 1565 2479 singulis
1590 2342 1743 2461 annis,
1772 2343 2057 2461 mensibus
2089 2341 2183 2446 die

312 2510 407 2617 bus
444 2530 492 2619 et
527 2509 673 2617 horis,
713 2510 790 2616 At
825 2510 1134 2648 planetarum
1171 2550 1343 2616 cursus
1378 2510 1514 2615 haud
1551 2531 1625 2614 est
1656 2508 1885 2646 aequalis,
1926 2510 2028 2616 sed
2055 2510 2182 2616 inae·

313 2678 568 2819 qualitates
594 2676 744 2785 habet
768 2678 1039 2798 nonnullas,
1069 2680 1221 2818 modo
1247 2679 1297 2784 in
1322 2700 1591 2816 augmento
1627 2678 1776 2786 medii
1812 2699 2002 2798 motus,
2027 2679 2181 2783 modo

313 2846 362 2953 in
397 2844 732 2966 diminutione,
772 2885 901 2986 quae
937 2846 1143 2984 quidem
1162 2825 1544 2984 inaequalitates
1569 2847 1880 2984 corriguntur
1903 2887 2005 2985 per
2032 2884 2180 2982 argu·

313 3027 534 3118 mentum
585 3012 634 3120 in
676 3011 851 3121 iisdem
893 3014 1071 3120 tabulis
1107 3014 1410 3122 denotatum.
1449 3014 1505 3118 10
1541 3053 1806 3152 progressu
1843 3035 2023 3122 autern
2061 3038 2180 3123 tem·

314 3181 444 3322 poris
481 3181 628 3289 etiam
663 3203 1015 3321 argumentum
1051 3182 1216 3290 variat.
1257 3180 1543 3321 Computus
1580 3221 1700 3319 ergo
1733 3183 1823 3290 loci
1855 3185 2180 3320 planetarum

314 3351 379 3458 ita
402 3352 588 3459 arduus
612 3370 661 3457 et
685 3349 876 3488 longua
904 3370 960 3455 ut
982 3351 1146 3457 multis
1170 3372 1281 3488 post
1312 3350 1451 3457 annis
1483 3351 1678 3457 tabulae
1713 3351 1850 3490 ipsae
1885 3351 1936 3456 in
1978 3393 2180 3484 errores

313 3517 547 3626 inducant
581 3516 671 3625 nisi
695 3517 745 3624 in
770 3515 826 3623 iis
853 3512 1175 3625 correctiones
1212 3517 1344 3625 fiant.
1385 3519 1542 3626 Adde
1578 3559 1780 3659 quoque
1805 3520 1944 3659 quod
1970 3522 2179 3629 numeri

314 3685 444 3794 initio
481 3685 623 3826 positi
660 3683 939 3793 difficillime
977 3726 1039 3792 ex
1076 3686 1217 3793 rectis
1253 3686 1677 3832 observationibus
1713 3689 2002 3827 deprompti
2022 3713 2177 3807 sunt.

419 3851 668 3961 Profacius
703 3891 792 3959 suo
828 3852 1084 4002 almanach
1120 3893 1304 3961 nomen
1329 3853 1503 3987 indidit
1515 3871 1828 3990 papatuum,
1868 3857 1990 3996 quia
2032 3859 2181 3966 certis

314 4022 494 4159 regulis
529 4022 593 4128 ab
630 4022 841 4161 ipsomet
863 4021 1061 4161 prolatis
1087 4023 1289 4143 censuit,
1318 4022 1453 4128 nullo
1479 4023 1571 4129 alio
1597 4022 1907 4144 adminicula
1936 4025 1990 4129 in
2018 4067 2181 4133 annos

313 4190 597 4296 innumeros
634 4189 814 4297 servire
851 4227 1028 4328 posse;
1068 4191 1205 4329 quod
1241 4190 1447 4328 quidem
1482 4190 1843 4298 fallacissimum
1870 4214 1954 4298 est.

422 4517 509 4610 Pag.
533 4522 564 4600 2,
588 4517 727 4588 11016.
753 4518 836 4586 ldeo
860 4517 938 4609 Ego
962 4518 1177 4607 Prophaciua
1199 4521 1380 4610 judeus...
1403 4524 1583 4612 sequendo
1600 4524 1737 4591 radices
1760 4526 1805 4591 de
1822 4514 1952 4591 tabulis
1977 4528 2182 4598 tholetaniu

314 4631 495 4708 acceptat,
519 4620 563 4688 (10
587 4639 679 4688 novo
696 4618 790 4687 edidi
805 4619 869 4689 1100
885 4620 1026 4690 tabulas
1041 4634 1214 4689 sumentes
1230 4624 1499 4711 computationis
1514 4627 1695 4693 exordium
1711 4628 1757 4695 ab
1775 4647 1867 4696 anno
1889 4627 2181 4701 Christianorum

319 4724 401 4791 1300
424 4743 444 4789 0
467 4720 579 4810 prima
604 4720 661 4791 (110
686 4722 810 4792 martii.
856 4723 969 4792 Docui
992 4722 1095 4790 etiam
1118 4723 1153 4789 in
1176 4723 1374 4792 tabularum
1396 4726 1539 4794 istarum
1555 4728 1750 4795 canonibus
1766 4729 1907 4796 modum
1923 4741 1962 4797 et
1979 4731 2087 4801 viam
2097 4756 2182 4823 <quo-

314 4824 429 4906 modo.
444 4835 621 4893 transacta
644 4823 802 4913 qualibet
824 4825 1039 4894 revolutione
1062 4827 1282 4913 planetarum
1313 4829 1436 4914 prima,
1461 4829 1570 4917 possit
1600 4830 1748 4897 inveniri
1780 4832 1925 4917 planeta
1957 4835 2128 4922 quilibet
2154 4839 2185 4903 in

314 4930 393 4997 loco
407 4925 471 4995 tibi
493 4925 613 4994 debito
635 4926 726 4995 sicut
747 4925 919 4995 invenitur
942 4949 1006 5015 per
1029 4928 1168 4996 tabulas
1193 4929 1374 5000 toletanas.

424 5028 484 5097 lin.
508 5050 528 5096 a
530 5046 564 5113 5.
588 5025 975 5098 ...adinveniendum
992 5051 1113 5097 verum
1136 5031 1252 5099 locum
1275 5033 1378 5101 lunae
1401 5035 1467 5122 ipsi
1490 5036 1695 5102 invenerunt
1719 5037 1864 5103 brevem
1880 5037 1978 5104 viam
1994 5041 2037 5106 in
2056 5044 2186 5112 tabulis

313 5131 375 5200 aed
397 5131 431 5197 10
457 5130 662 5218 operatione
679 5128 854 5200 (1111101100
877 5143 913 5200 01
936 5132 1089 5222 longam.
1103 5132 1189 5232 ‘Nos
1207 5146 1324 5202 autem
1340 5157 1359 5203 e
1374 5155 1546 5205 converso
1564 5136 1706 5203 fecimus
1723 5140 1816 5206 viam
1832 5138 1994 5228 longam,
2013 5147 2110 5232 quia
2127 5169 2186 5234 per

314 5232 439 5303 001100
454 5233 593 5302 tabulas
610 5232 774 5301 (11110000
790 5243 825 5301 01
842 5234 1121 5322 multiplicatam,
1138 5237 1171 5300 in
1189 5237 1392 5325 operatione
1407 5251 1523 5306 autern
1540 5240 1681 5306 brevem
1698 5252 1733 5306 et
1748 5241 1889 5308 facilem
1905 5251 2028 5332 atque
2042 5247 2186 5318 bonan.

420 5495 474 5601 In
510 5495 818 5604 translatione
855 5538 918 5605 ex
953 5497 1093 5608 hebr.
1132 5540 1387 5610 sermone:

425 5812 580 5882 ...11100
604 5813 688 5882 dedi
710 5813 744 5880 ln
767 5814 934 5883 honorem
957 5817 1149 5903 petentium
1172 5840 1194 5884 a
1216 5839 1285 5899 me,
1307 5831 1344 5885 01
1367 5821 1533 5908 frangam
1556 5820 1696 5887 tabulas
1720 5820 1800 5887 illas
1823 5832 1859 5887 et
1880 5840 2005 5893 novas
2028 5832 2130 5919 (aas)
2143 5835 2191 5900 fa.

313 5917 414 5991 011101.
437 5915 486 5982 lta
509 5925 547 5985 01
572 5907 781 6003 principium
804 5917 934 6003 (radix)
957 5939 1076 5986 earum
1100 5918 1144 5986 ait
1166 5931 1247 6007 post
1273 5922 1358 5987 1300
1382 5940 1492 5987 annos
1507 5920 1756 5987 incarnationis
1772 5922 1826 6007 [ln
1841 5943 1959 6012 marg.
1978 5932 2193 6002 cod,130d1‚

314 6024 329 6055 ⁸
346 6016 387 6083 111
405 6026 455 6083 est
477 6015 520 6083 ,1.
543 6018 639 6099 ἱςοόο
661 6018 892 6107 0000100100
924 6030 961 6085 01
990 6019 1026 6086 10
1057 6019 1125 6087 fine
1156 6022 1305 6088 scribam
1329 6023 1423 6090 viam
1446 6023 1666 6111 aequationis
1690 6046 1755 6110 pro
1779 6022 1940 6112 qualibet
1967 6035 2094 6103 stella
2119 6049 2195 6124 post

312 6121 448 6207 elapsos
470 6137 580 6186 anuos
602 6119 739 6206 periodi
762 6121 915 6208 scriptae
938 6120 973 6186 10
994 6120 1047 6188 his
1070 6122 1208 6191 tabulis.
1230 6123 1448 6213 (Boacomp.,
1470 6125 1560 6192 Tom
1584 6125 1649 6205 IX,
1672 6149 1754 6215 pag.
1779 6129 1867 6210 (110).

1108 6325 1370 6417 *XVI*
