<?xml version="1.0" encoding="UTF-8"?>
<!DOCTYPE html PUBLIC "-//W3C//DTD XHTML 1.0 Transitional//EN"
    "http://www.w3.org/TR/xhtml1/DTD/xhtml1-transitional.dtd">
<html xmlns="http://www.w3.org/1999/xhtml" xml:lang="en" lang="en">
 <head>
  <title>
</title>
<meta http-equiv="Content-Type" content="text/html;charset=utf-8" />
  <meta name='ocr-system' content='tesseract 3.04.00' />
  <meta name='ocr-capabilities' content='ocr_page ocr_carea ocr_par ocr_line ocrx_word'/>
</head>
<body>
  <div class='ocr_page' id='page_1' title='image "./almanachdantisa00tibbgoog_0040.png"; bbox 0 0 4764 7176; ppageno 0'>
   <div class='ocr_carea' id='block_1_1' title="bbox 298 548 2158 786">
    <p class='ocr_par' dir='ltr' id='par_1_1' title="bbox 298 548 2158 786">
     <span class='ocr_line' id='line_1_1' title="bbox 300 548 2157 667; baseline -0.004 -17"><span class='ocrx_word' id='word_1_1' title='bbox 300 568 408 667; x_wconf 72' lang='lat' dir='ltr'><strong>nera</strong></span> <span class='ocrx_word' id='word_1_2' title='bbox 649 548 2157 664; x_wconf 75' lang='grc'>’272422752275</span> 
     </span>
     <span class='ocr_line' id='line_1_2' title="bbox 298 705 2158 786; baseline -0.005 -2"><span class='ocrx_word' id='word_1_3' title='bbox 298 709 519 785; x_wconf 71' lang='lat' dir='ltr'><strong>omenes</strong></span> <span class='ocrx_word' id='word_1_4' title='bbox 640 714 688 782; x_wconf 86' lang='lat'><strong>22</strong></span> <span class='ocrx_word' id='word_1_5' title='bbox 772 710 821 782; x_wconf 85' lang='grc'><strong>22</strong></span> <span class='ocrx_word' id='word_1_6' title='bbox 903 707 951 781; x_wconf 79' lang='grc'><strong>22</strong></span> <span class='ocrx_word' id='word_1_7' title='bbox 1035 707 1083 780; x_wconf 83' lang='grc'><strong>25</strong></span> <span class='ocrx_word' id='word_1_8' title='bbox 1167 705 1214 785; x_wconf 97' lang='grc'><strong>27</strong></span> <span class='ocrx_word' id='word_1_9' title='bbox 1299 706 1346 786; x_wconf 93' lang='grc'><strong>27</strong></span> <span class='ocrx_word' id='word_1_10' title='bbox 1432 709 1481 781; x_wconf 80' lang='grc'><strong>22</strong></span> <span class='ocrx_word' id='word_1_11' title='bbox 1565 708 1614 781; x_wconf 83' lang='grc'><strong>22</strong></span> <span class='ocrx_word' id='word_1_12' title='bbox 1697 709 1746 781; x_wconf 88' lang='grc'><strong>22</strong></span> <span class='ocrx_word' id='word_1_13' title='bbox 1828 707 1879 782; x_wconf 85' lang='grc'><strong>22</strong></span> <span class='ocrx_word' id='word_1_14' title='bbox 1998 706 2025 775; x_wconf 88' lang='grc'>2</span> <span class='ocrx_word' id='word_1_15' title='bbox 2137 707 2158 774; x_wconf 92' lang='grc'>2</span> 
     </span>
    </p>
   </div>
   <div class='ocr_carea' id='block_1_2' title="bbox 297 846 2172 918">
    <p class='ocr_par' dir='ltr' id='par_1_2' title="bbox 297 846 2172 918">
     <span class='ocr_line' id='line_1_3' title="bbox 297 846 2172 918; baseline -0.002 -15"><span class='ocrx_word' id='word_1_16' title='bbox 297 846 417 918; x_wconf 75' lang='lat' dir='ltr'><strong>Mens,</strong></span> <span class='ocrx_word' id='word_1_17' title='bbox 605 862 849 916; x_wconf 65' lang='grc'>2222222222</span> <span class='ocrx_word' id='word_1_18' title='bbox 866 861 985 908; x_wconf 64' lang='lat' dir='ltr'><strong>naerens</strong></span> <span class='ocrx_word' id='word_1_19' title='bbox 1029 862 1088 907; x_wconf 65' lang='lat' dir='ltr'><strong>nm.</strong></span> <span class='ocrx_word' id='word_1_20' title='bbox 1161 861 1216 907; x_wconf 73' lang='lat' dir='ltr'><strong>ocu.</strong></span> <span class='ocrx_word' id='word_1_21' title='bbox 1289 863 1355 917; x_wconf 75' lang='lat' dir='ltr'><strong>sept.</strong></span> <span class='ocrx_word' id='word_1_22' title='bbox 1421 863 1486 918; x_wconf 58' lang='grc'>2222.</span> <span class='ocrx_word' id='word_1_23' title='bbox 1565 861 1615 914; x_wconf 72' lang='grc'>222.</span> <span class='ocrx_word' id='word_1_24' title='bbox 1694 863 1749 913; x_wconf 76' lang='lat' dir='ltr'><strong>Jua.</strong></span> <span class='ocrx_word' id='word_1_25' title='bbox 1829 860 1895 913; x_wconf 65' lang='grc'>2223.</span> <span class='ocrx_word' id='word_1_26' title='bbox 1967 857 2050 910; x_wconf 67' lang='lat' dir='ltr'><strong>,Mau</strong></span> <span class='ocrx_word' id='word_1_27' title='bbox 2119 857 2172 907; x_wconf 70' lang='grc' dir='ltr'><strong>Λμ.</strong></span> 
     </span>
    </p>
   </div>
   <div class='ocr_carea' id='block_1_3' title="bbox 297 970 2172 1052">
    <p class='ocr_par' dir='ltr' id='par_1_3' title="bbox 297 970 2172 1052">
     <span class='ocr_line' id='line_1_4' title="bbox 297 970 2172 1052; baseline -0.006 0"><span class='ocrx_word' id='word_1_28' title='bbox 297 979 398 1052; x_wconf 85' lang='lat' dir='ltr'><strong>Dies</strong></span> <span class='ocrx_word' id='word_1_29' title='bbox 427 977 500 1051; x_wconf 89' lang='lat' dir='ltr'><strong>lun.</strong></span> <span class='ocrx_word' id='word_1_30' title='bbox 636 978 686 1052; x_wconf 98' lang='grc'><strong>29</strong></span> <span class='ocrx_word' id='word_1_31' title='bbox 770 976 820 1048; x_wconf 88' lang='grc'><strong>30</strong></span> <span class='ocrx_word' id='word_1_32' title='bbox 902 977 952 1049; x_wconf 91' lang='grc'><strong>29</strong></span> <span class='ocrx_word' id='word_1_33' title='bbox 1035 977 1085 1047; x_wconf 89' lang='grc'><strong>30</strong></span> <span class='ocrx_word' id='word_1_34' title='bbox 1167 975 1216 1048; x_wconf 95' lang='grc'><strong>29</strong></span> <span class='ocrx_word' id='word_1_35' title='bbox 1300 976 1350 1049; x_wconf 90' lang='grc'><strong>30</strong></span> <span class='ocrx_word' id='word_1_36' title='bbox 1433 976 1482 1050; x_wconf 96' lang='grc'><strong>29</strong></span> <span class='ocrx_word' id='word_1_37' title='bbox 1567 974 1617 1048; x_wconf 92' lang='grc'><strong>30</strong></span> <span class='ocrx_word' id='word_1_38' title='bbox 1698 974 1749 1048; x_wconf 89' lang='grc'><strong>30</strong></span> <span class='ocrx_word' id='word_1_39' title='bbox 1832 974 1886 1046; x_wconf 90' lang='grc'><strong>30</strong></span> <span class='ocrx_word' id='word_1_40' title='bbox 1985 970 2042 1044; x_wconf 89' lang='grc'><strong>29</strong></span> <span class='ocrx_word' id='word_1_41' title='bbox 2128 970 2172 1043; x_wconf 89' lang='grc'><strong>30</strong></span> 
     </span>
    </p>
   </div>
   <div class='ocr_carea' id='block_1_4' title="bbox 214 1237 2172 3067">
    <p class='ocr_par' dir='ltr' id='par_1_4' title="bbox 296 1237 2172 1844">
     <span class='ocr_line' id='line_1_5' title="bbox 406 1237 2172 1332; baseline -0.006 -20"><span class='ocrx_word' id='word_1_42' title='bbox 406 1244 493 1332; x_wconf 83' lang='lat' dir='ltr'><strong>Pag.</strong></span> <span class='ocrx_word' id='word_1_43' title='bbox 517 1241 548 1319; x_wconf 85' lang='lat'><strong>7,</strong></span> <span class='ocrx_word' id='word_1_44' title='bbox 571 1241 630 1315; x_wconf 76' lang='lat' dir='ltr'><strong>lin.</strong></span> <span class='ocrx_word' id='word_1_45' title='bbox 653 1262 685 1330; x_wconf 81' lang='lat'><strong>9.</strong></span> <span class='ocrx_word' id='word_1_46' title='bbox 710 1237 769 1307; x_wconf 89' lang='lat' dir='ltr'><strong>Ad</strong></span> <span class='ocrx_word' id='word_1_47' title='bbox 792 1240 859 1307; x_wconf 91' lang='grc'>1222</span> <span class='ocrx_word' id='word_1_48' title='bbox 875 1240 981 1330; x_wconf 86' lang='lat' dir='ltr'><strong>igitur</strong></span> <span class='ocrx_word' id='word_1_49' title='bbox 996 1251 1034 1305; x_wconf 93' lang='lat' dir='ltr'><strong>nt</strong></span> <span class='ocrx_word' id='word_1_50' title='bbox 1050 1241 1190 1330; x_wconf 78' lang='lat' dir='ltr'><strong>facilius</strong></span> <span class='ocrx_word' id='word_1_51' title='bbox 1206 1241 1274 1306; x_wconf 91' lang='lat' dir='ltr'><strong>hoc</strong></span> <span class='ocrx_word' id='word_1_52' title='bbox 1290 1241 1446 1308; x_wconf 87' lang='lat' dir='ltr'><strong>invenies</strong></span> <span class='ocrx_word' id='word_1_53' title='bbox 1464 1260 1555 1327; x_wconf 90' lang='lat' dir='ltr'><strong>pone</strong></span> <span class='ocrx_word' id='word_1_54' title='bbox 1571 1239 1636 1307; x_wconf 88' lang='lat' dir='ltr'><strong>sub</strong></span> <span class='ocrx_word' id='word_1_55' title='bbox 1654 1240 1811 1327; x_wconf 85' lang='lat' dir='ltr'><strong>qualibet</strong></span> <span class='ocrx_word' id='word_1_56' title='bbox 1827 1239 2033 1305; x_wconf 91' lang='lat' dir='ltr'><strong>lunatione</strong></span> <span class='ocrx_word' id='word_1_57' title='bbox 2057 1256 2172 1302; x_wconf 86' lang='lat' dir='ltr'><strong>nurne-</strong></span> 
     </span>
     <span class='ocr_line' id='line_1_6' title="bbox 296 1340 2171 1432; baseline -0.003 -22"><span class='ocrx_word' id='word_1_58' title='bbox 296 1365 372 1410; x_wconf 92' lang='lat' dir='ltr'><strong>rum</strong></span> <span class='ocrx_word' id='word_1_59' title='bbox 388 1343 609 1432; x_wconf 71' lang='lat' dir='ltr'>precedentis</span> <span class='ocrx_word' id='word_1_60' title='bbox 625 1342 708 1410; x_wconf 82' lang='lat' dir='ltr'><strong>ferie</strong></span> <span class='ocrx_word' id='word_1_61' title='bbox 725 1354 834 1430; x_wconf 90' lang='lat' dir='ltr'><strong>quota</strong></span> <span class='ocrx_word' id='word_1_62' title='bbox 851 1342 1003 1430; x_wconf 78' lang='lat' dir='ltr'><strong>estquis</strong></span> <span class='ocrx_word' id='word_1_63' title='bbox 1026 1342 1254 1409; x_wconf 81' lang='lat' dir='ltr'><strong>revolutionis</strong></span> <span class='ocrx_word' id='word_1_64' title='bbox 1277 1350 1440 1410; x_wconf 83' lang='lat' dir='ltr'><strong>numerus</strong></span> <span class='ocrx_word' id='word_1_65' title='bbox 1463 1355 1517 1409; x_wconf 90' lang='grc'><strong>222</strong></span> <span class='ocrx_word' id='word_1_66' title='bbox 1539 1345 1604 1410; x_wconf 93' lang='grc'><strong>294</strong></span> <span class='ocrx_word' id='word_1_67' title='bbox 1626 1360 1762 1411; x_wconf 88' lang='lat' dir='ltr'><strong>menses</strong></span> <span class='ocrx_word' id='word_1_68' title='bbox 1785 1342 1949 1411; x_wconf 85' lang='lat' dir='ltr'><strong>lunares.</strong></span> <span class='ocrx_word' id='word_1_69' title='bbox 1977 1340 2037 1409; x_wconf 93' lang='lat' dir='ltr'><strong>Ut</strong></span> <span class='ocrx_word' id='word_1_70' title='bbox 2060 1350 2171 1406; x_wconf 81' lang='lat' dir='ltr'><strong>autem</strong></span> 
     </span>
     <span class='ocr_line' id='line_1_7' title="bbox 297 1442 2170 1534; baseline -0.004 -20"><span class='ocrx_word' id='word_1_71' title='bbox 297 1447 388 1515; x_wconf 90' lang='grc'>22122</span> <span class='ocrx_word' id='word_1_72' title='bbox 403 1456 583 1513; x_wconf 79' lang='lat' dir='ltr'><strong>transacta</strong></span> <span class='ocrx_word' id='word_1_73' title='bbox 606 1444 719 1532; x_wconf 82' lang='lat' dir='ltr'><strong>prima</strong></span> <span class='ocrx_word' id='word_1_74' title='bbox 734 1444 955 1511; x_wconf 84' lang='lat' dir='ltr'><strong>revolutione</strong></span> <span class='ocrx_word' id='word_1_75' title='bbox 971 1445 1169 1534; x_wconf 86' lang='lat' dir='ltr'><strong>argumenti</strong></span> <span class='ocrx_word' id='word_1_76' title='bbox 1185 1444 1289 1512; x_wconf 89' lang='lat' dir='ltr'><strong>lunae</strong></span> <span class='ocrx_word' id='word_1_77' title='bbox 1304 1445 1564 1532; x_wconf 66' lang='lat' dir='ltr'><strong>superscribere</strong></span> <span class='ocrx_word' id='word_1_78' title='bbox 1580 1444 1725 1512; x_wconf 86' lang='lat' dir='ltr'><strong>cuilibet</strong></span> <span class='ocrx_word' id='word_1_79' title='bbox 1740 1444 1849 1513; x_wconf 90' lang='lat' dir='ltr'><strong>mensi</strong></span> <span class='ocrx_word' id='word_1_80' title='bbox 1863 1442 1995 1510; x_wconf 83' lang='lat' dir='ltr'><strong>lunari</strong></span> <span class='ocrx_word' id='word_1_81' title='bbox 2011 1442 2051 1507; x_wconf 89' lang='lat' dir='ltr'><strong>in</strong></span> <span class='ocrx_word' id='word_1_82' title='bbox 2068 1453 2170 1530; x_wconf 76' lang='lat' dir='ltr'><strong>quota</strong></span> 
     </span>
     <span class='ocr_line' id='line_1_8' title="bbox 296 1531 2169 1641; baseline -0.002 -23"><span class='ocrx_word' id='word_1_83' title='bbox 296 1553 385 1618; x_wconf 75' lang='lat' dir='ltr'><strong>feria</strong></span> <span class='ocrx_word' id='word_1_84' title='bbox 400 1551 527 1619; x_wconf 89' lang='lat' dir='ltr'><strong>mensis</strong></span> <span class='ocrx_word' id='word_1_85' title='bbox 541 1550 668 1618; x_wconf 88' lang='lat' dir='ltr'><strong>solaris</strong></span> <span class='ocrx_word' id='word_1_86' title='bbox 690 1549 807 1630; x_wconf 90' lang='lat' dir='ltr'><strong>intret,</strong></span> <span class='ocrx_word' id='word_1_87' title='bbox 819 1551 912 1618; x_wconf 88' lang='grc'>22122</span> <span class='ocrx_word' id='word_1_88' title='bbox 935 1550 1031 1636; x_wconf 92' lang='lat' dir='ltr'><strong>quod</strong></span> <span class='ocrx_word' id='word_1_89' title='bbox 1053 1549 1123 1616; x_wconf 89' lang='lat' dir='ltr'><strong>iam</strong></span> <span class='ocrx_word' id='word_1_90' title='bbox 1144 1571 1212 1641; x_wconf 85' lang='lat' dir='ltr'><strong>ego</strong></span> <span class='ocrx_word' id='word_1_91' title='bbox 1234 1551 1304 1618; x_wconf 81' lang='lat' dir='ltr'><strong>ieci</strong></span> <span class='ocrx_word' id='word_1_92' title='bbox 1327 1553 1363 1617; x_wconf 92' lang='lat' dir='ltr'><strong>in</strong></span> <span class='ocrx_word' id='word_1_93' title='bbox 1391 1550 1422 1618; x_wconf 75' lang='lat' dir='ltr'><strong>l*</strong></span> <span class='ocrx_word' id='word_1_94' title='bbox 1445 1563 1480 1617; x_wconf 92' lang='lat' dir='ltr'><strong>et</strong></span> <span class='ocrx_word' id='word_1_95' title='bbox 1503 1549 1539 1616; x_wconf 88' lang='lat'><strong>2·</strong></span> <span class='ocrx_word' id='word_1_96' title='bbox 1561 1550 1776 1618; x_wconf 87' lang='lat' dir='ltr'><strong>revolutione</strong></span> <span class='ocrx_word' id='word_1_97' title='bbox 1799 1560 1834 1616; x_wconf 92' lang='lat' dir='ltr'><strong>et</strong></span> <span class='ocrx_word' id='word_1_98' title='bbox 1856 1550 1905 1617; x_wconf 92' lang='lat' dir='ltr'><strong>de</strong></span> <span class='ocrx_word' id='word_1_99' title='bbox 1928 1531 1964 1616; x_wconf 71' lang='grc'><strong>’3</strong></span> <span class='ocrx_word' id='word_1_100' title='bbox 1985 1569 2108 1638; x_wconf 86' lang='lat' dir='ltr'><strong>usque</strong></span> <span class='ocrx_word' id='word_1_101' title='bbox 2129 1550 2169 1615; x_wconf 97' lang='grc'><strong>20</strong></span> 
     </span>
     <span class='ocr_line' id='line_1_9' title="bbox 298 1650 2168 1740; baseline -0.003 -19"><span class='ocrx_word' id='word_1_102' title='bbox 298 1656 340 1721; x_wconf 88' lang='grc'><strong>39</strong></span> <span class='ocrx_word' id='word_1_103' title='bbox 364 1674 502 1723; x_wconf 88' lang='lat' dir='ltr'><strong>menses</strong></span> <span class='ocrx_word' id='word_1_104' title='bbox 523 1652 596 1722; x_wconf 89' lang='lat' dir='ltr'><strong>eius</strong></span> <span class='ocrx_word' id='word_1_105' title='bbox 619 1665 656 1720; x_wconf 94' lang='lat' dir='ltr'><strong>et</strong></span> <span class='ocrx_word' id='word_1_106' title='bbox 677 1653 712 1720; x_wconf 90' lang='lat' dir='ltr'><strong>in</strong></span> <span class='ocrx_word' id='word_1_107' title='bbox 734 1653 801 1720; x_wconf 93' lang='lat' dir='ltr'><strong>hoc</strong></span> <span class='ocrx_word' id='word_1_108' title='bbox 825 1652 993 1740; x_wconf 90' lang='lat' dir='ltr'><strong>completi</strong></span> <span class='ocrx_word' id='word_1_109' title='bbox 1016 1665 1098 1720; x_wconf 88' lang='lat' dir='ltr'><strong>sunt</strong></span> <span class='ocrx_word' id='word_1_110' title='bbox 1124 1653 1164 1719; x_wconf 89' lang='grc'><strong>19</strong></span> <span class='ocrx_word' id='word_1_111' title='bbox 1188 1652 1269 1718; x_wconf 84' lang='lat' dir='ltr'><strong>anni</strong></span> <span class='ocrx_word' id='word_1_112' title='bbox 1289 1653 1435 1721; x_wconf 88' lang='lat' dir='ltr'><strong>solares.</strong></span> <span class='ocrx_word' id='word_1_113' title='bbox 1459 1651 1597 1730; x_wconf 83' lang='lat' dir='ltr'><strong>Quibus</strong></span> <span class='ocrx_word' id='word_1_114' title='bbox 1620 1651 1801 1739; x_wconf 85' lang='lat' dir='ltr'><strong>completis</strong></span> <span class='ocrx_word' id='word_1_115' title='bbox 1824 1662 1979 1738; x_wconf 89' lang='lat' dir='ltr'><strong>oportet</strong></span> <span class='ocrx_word' id='word_1_116' title='bbox 2005 1650 2168 1717; x_wconf 89' lang='grc'>12222222</span> 
     </span>
     <span class='ocr_line' id='line_1_10' title="bbox 296 1752 2170 1844; baseline -0.003 -20"><span class='ocrx_word' id='word_1_117' title='bbox 296 1755 412 1844; x_wconf 90' lang='lat' dir='ltr'><strong>capite</strong></span> <span class='ocrx_word' id='word_1_118' title='bbox 434 1755 590 1841; x_wconf 86' lang='lat' dir='ltr'><strong>incipere</strong></span> <span class='ocrx_word' id='word_1_119' title='bbox 612 1754 664 1822; x_wconf 90' lang='lat' dir='ltr'><strong>sic</strong></span> <span class='ocrx_word' id='word_1_120' title='bbox 687 1753 783 1843; x_wconf 91' lang='lat' dir='ltr'><strong>quod</strong></span> <span class='ocrx_word' id='word_1_121' title='bbox 804 1753 895 1822; x_wconf 93' lang='lat' dir='ltr'><strong>illud</strong></span> <span class='ocrx_word' id='word_1_122' title='bbox 917 1752 1012 1843; x_wconf 89' lang='lat' dir='ltr'><strong>quod</strong></span> <span class='ocrx_word' id='word_1_123' title='bbox 1034 1753 1198 1822; x_wconf 84' lang='lat' dir='ltr'><strong>invenisti</strong></span> <span class='ocrx_word' id='word_1_124' title='bbox 1220 1754 1255 1820; x_wconf 92' lang='lat' dir='ltr'><strong>in</strong></span> <span class='ocrx_word' id='word_1_125' title='bbox 1277 1754 1390 1842; x_wconf 89' lang='lat' dir='ltr'><strong>primo</strong></span> <span class='ocrx_word' id='word_1_126' title='bbox 1414 1775 1533 1822; x_wconf 90' lang='lat' dir='ltr'><strong>mense</strong></span> <span class='ocrx_word' id='word_1_127' title='bbox 1555 1753 1691 1841; x_wconf 80' lang='lat' dir='ltr'><strong>primae</strong></span> <span class='ocrx_word' id='word_1_128' title='bbox 1713 1753 1950 1835; x_wconf 83' lang='lat' dir='ltr'><strong>revolutionis</strong></span> <span class='ocrx_word' id='word_1_129' title='bbox 1985 1753 2036 1819; x_wconf 88' lang='grc'><strong>212</strong></span> <span class='ocrx_word' id='word_1_130' title='bbox 2070 1773 2170 1840; x_wconf 87' lang='lat' dir='ltr'><strong>super</strong></span> 
     </span>
    </p>

    <p class='ocr_par' dir='ltr' id='par_1_5' title="bbox 214 1841 2168 2047">
     <span class='ocr_line' id='line_1_11' title="bbox 214 1841 2168 1945; baseline -0.002 -22"><span class='ocrx_word' id='word_1_131' title='bbox 214 1841 223 1862; x_wconf 80' lang='grc'><strong>’</strong></span> <span class='ocrx_word' id='word_1_132' title='bbox 297 1858 526 1945; x_wconf 66' lang='grc' dir='ltr'><strong>22212222222240ιι</strong></span> <span class='ocrx_word' id='word_1_133' title='bbox 542 1856 668 1926; x_wconf 92' lang='lat' dir='ltr'><strong>mensis</strong></span> <span class='ocrx_word' id='word_1_134' title='bbox 684 1854 732 1925; x_wconf 78' lang='lat'><strong>3⁸·</strong></span> <span class='ocrx_word' id='word_1_135' title='bbox 745 1854 973 1923; x_wconf 86' lang='lat' dir='ltr'><strong>revolutionis</strong></span> <span class='ocrx_word' id='word_1_136' title='bbox 996 1868 1032 1923; x_wconf 90' lang='lat' dir='ltr'><strong>et</strong></span> <span class='ocrx_word' id='word_1_137' title='bbox 1056 1855 1152 1943; x_wconf 91' lang='lat' dir='ltr'><strong>qnod</strong></span> <span class='ocrx_word' id='word_1_138' title='bbox 1177 1871 1340 1942; x_wconf 88' lang='lat' dir='ltr'><strong>superest</strong></span> <span class='ocrx_word' id='word_1_139' title='bbox 1361 1855 1478 1924; x_wconf 86' lang='lat' dir='ltr'><strong>scribe</strong></span> <span class='ocrx_word' id='word_1_140' title='bbox 1500 1876 1606 1943; x_wconf 87' lang='lat' dir='ltr'><strong>super</strong></span> <span class='ocrx_word' id='word_1_141' title='bbox 1628 1857 1692 1922; x_wconf 70' lang='lat'><strong>41¹⁰</strong></span> <span class='ocrx_word' id='word_1_142' title='bbox 1714 1855 1821 1923; x_wconf 88' lang='grc'>22212</span> <span class='ocrx_word' id='word_1_143' title='bbox 1843 1877 1911 1942; x_wconf 87' lang='lat' dir='ltr'><strong>per</strong></span> <span class='ocrx_word' id='word_1_144' title='bbox 1938 1875 2168 1944; x_wconf 85' lang='lat' dir='ltr'><strong>consequens</strong></span> 
     </span>
     <span class='ocr_line' id='line_1_12' title="bbox 298 1956 2168 2047; baseline -0.002 -21"><span class='ocrx_word' id='word_1_145' title='bbox 298 1961 410 2027; x_wconf 89' lang='lat' dir='ltr'><strong>donec</strong></span> <span class='ocrx_word' id='word_1_146' title='bbox 433 1957 666 2047; x_wconf 87' lang='lat' dir='ltr'><strong>compleveris</strong></span> <span class='ocrx_word' id='word_1_147' title='bbox 689 1958 709 2023; x_wconf 94' lang='grc'>4</span> <span class='ocrx_word' id='word_1_148' title='bbox 732 1956 968 2026; x_wconf 84' lang='lat' dir='ltr'><strong>revolutiones</strong></span> <span class='ocrx_word' id='word_1_149' title='bbox 991 1957 1037 2023; x_wconf 91' lang='lat' dir='ltr'><strong>de</strong></span> <span class='ocrx_word' id='word_1_150' title='bbox 1061 1958 1103 2024; x_wconf 89' lang='grc'><strong>98</strong></span> <span class='ocrx_word' id='word_1_151' title='bbox 1127 1958 1302 2027; x_wconf 89' lang='lat' dir='ltr'><strong>mensibus</strong></span> <span class='ocrx_word' id='word_1_152' title='bbox 1325 1971 1362 2027; x_wconf 91' lang='lat' dir='ltr'><strong>et</strong></span> <span class='ocrx_word' id='word_1_153' title='bbox 1384 1959 1476 2026; x_wconf 83' lang='lat' dir='ltr'><strong>ultra</strong></span> <span class='ocrx_word' id='word_1_154' title='bbox 1497 1960 1567 2026; x_wconf 93' lang='lat' dir='ltr'><strong>hoc</strong></span> <span class='ocrx_word' id='word_1_155' title='bbox 1593 1959 1633 2031; x_wconf 84' lang='grc'><strong>18</strong></span> <span class='ocrx_word' id='word_1_156' title='bbox 1656 1958 1716 2046; x_wconf 92' lang='lat' dir='ltr'><strong>qni</strong></span> <span class='ocrx_word' id='word_1_157' title='bbox 1738 1968 1819 2025; x_wconf 91' lang='lat' dir='ltr'><strong>sunt</strong></span> <span class='ocrx_word' id='word_1_158' title='bbox 1841 1960 1884 2025; x_wconf 84' lang='grc'>38</span> <span class='ocrx_word' id='word_1_159' title='bbox 1909 1957 2009 2024; x_wconf 87' lang='lat' dir='ltr'><strong>anni</strong></span> <span class='ocrx_word' id='word_1_160' title='bbox 2024 1957 2168 2024; x_wconf 83' lang='lat' dir='ltr'><strong>solares</strong></span> 
     </span>
    </p>

    <p class='ocr_par' dir='ltr' id='par_1_6' title="bbox 293 2058 2169 3067">
     <span class='ocr_line' id='line_1_13' title="bbox 408 2058 2168 2149; baseline -0.002 -22"><span class='ocrx_word' id='word_1_161' title='bbox 408 2060 613 2128; x_wconf 88' lang='lat' dir='ltr'><strong>Notandum</strong></span> <span class='ocrx_word' id='word_1_162' title='bbox 635 2072 689 2128; x_wconf 89' lang='lat' dir='ltr'><strong>est</strong></span> <span class='ocrx_word' id='word_1_163' title='bbox 712 2072 828 2127; x_wconf 83' lang='lat' dir='ltr'><strong>sutem</strong></span> <span class='ocrx_word' id='word_1_164' title='bbox 853 2061 948 2149; x_wconf 92' lang='lat' dir='ltr'><strong>quod</strong></span> <span class='ocrx_word' id='word_1_165' title='bbox 973 2060 1008 2125; x_wconf 91' lang='lat' dir='ltr'><strong>in</strong></span> <span class='ocrx_word' id='word_1_166' title='bbox 1031 2060 1107 2126; x_wconf 86' lang='lat' dir='ltr'><strong>istis</strong></span> <span class='ocrx_word' id='word_1_167' title='bbox 1129 2059 1247 2146; x_wconf 85' lang='lat' dir='ltr'><strong>primis</strong></span> <span class='ocrx_word' id='word_1_168' title='bbox 1270 2058 1544 2129; x_wconf 79' lang='lat' dir='ltr'><strong>revolutionibus</strong></span> <span class='ocrx_word' id='word_1_169' title='bbox 1567 2060 1612 2126; x_wconf 92' lang='lat' dir='ltr'><strong>de</strong></span> <span class='ocrx_word' id='word_1_170' title='bbox 1634 2059 1809 2126; x_wconf 89' lang='lat' dir='ltr'><strong>mensibus</strong></span> <span class='ocrx_word' id='word_1_171' title='bbox 1832 2079 1904 2127; x_wconf 93' lang='lat' dir='ltr'><strong>non</strong></span> <span class='ocrx_word' id='word_1_172' title='bbox 1930 2070 2091 2145; x_wconf 92' lang='lat' dir='ltr'><strong>oportet</strong></span> <span class='ocrx_word' id='word_1_173' title='bbox 2114 2059 2168 2124; x_wconf 91' lang='lat' dir='ltr'><strong>ali·</strong></span> 
     </span>
     <span class='ocr_line' id='line_1_14' title="bbox 297 2160 2169 2252; baseline -0.004 -21"><span class='ocrx_word' id='word_1_174' title='bbox 297 2164 383 2252; x_wconf 90' lang='lat' dir='ltr'><strong>quid</strong></span> <span class='ocrx_word' id='word_1_175' title='bbox 406 2163 488 2230; x_wconf 88' lang='lat' dir='ltr'><strong>addi</strong></span> <span class='ocrx_word' id='word_1_176' title='bbox 511 2162 569 2230; x_wconf 92' lang='lat' dir='ltr'><strong>vel</strong></span> <span class='ocrx_word' id='word_1_177' title='bbox 592 2162 700 2229; x_wconf 91' lang='lat' dir='ltr'><strong>minui</strong></span> <span class='ocrx_word' id='word_1_178' title='bbox 721 2162 786 2230; x_wconf 88' lang='lat' dir='ltr'><strong>sed</strong></span> <span class='ocrx_word' id='word_1_179' title='bbox 807 2161 951 2230; x_wconf 89' lang='lat' dir='ltr'><strong>ulterius</strong></span> <span class='ocrx_word' id='word_1_180' title='bbox 972 2163 1042 2229; x_wconf 90' lang='lat' dir='ltr'><strong>hoc</strong></span> <span class='ocrx_word' id='word_1_181' title='bbox 1063 2161 1219 2229; x_wconf 90' lang='lat' dir='ltr'><strong>invenies</strong></span> <span class='ocrx_word' id='word_1_182' title='bbox 1243 2161 1339 2249; x_wconf 92' lang='lat' dir='ltr'><strong>quod</strong></span> <span class='ocrx_word' id='word_1_183' title='bbox 1360 2161 1486 2229; x_wconf 89' lang='lat' dir='ltr'><strong>mensis</strong></span> <span class='ocrx_word' id='word_1_184' title='bbox 1508 2161 1638 2228; x_wconf 86' lang='lat' dir='ltr'><strong>lunaris</strong></span> <span class='ocrx_word' id='word_1_185' title='bbox 1654 2160 1798 2229; x_wconf 88' lang='lat' dir='ltr'><strong>intrabit</strong></span> <span class='ocrx_word' id='word_1_186' title='bbox 1813 2161 2050 2249; x_wconf 79' lang='lat' dir='ltr'><strong>quandoque</strong></span> <span class='ocrx_word' id='word_1_187' title='bbox 2066 2160 2105 2225; x_wconf 92' lang='lat' dir='ltr'><strong>in</strong></span> <span class='ocrx_word' id='word_1_188' title='bbox 2119 2160 2169 2225; x_wconf 87' lang='grc'><strong>012</strong></span> 
     </span>
     <span class='ocr_line' id='line_1_15' title="bbox 296 2262 2168 2352; baseline -0.003 -20"><span class='ocrx_word' id='word_1_189' title='bbox 296 2264 536 2352; x_wconf 83' lang='lat' dir='ltr'><strong>superscripta</strong></span> <span class='ocrx_word' id='word_1_190' title='bbox 550 2265 658 2332; x_wconf 89' lang='lat' dir='ltr'><strong>mensi</strong></span> <span class='ocrx_word' id='word_1_191' title='bbox 674 2263 780 2332; x_wconf 85' lang='lat' dir='ltr'><strong>solari</strong></span> <span class='ocrx_word' id='word_1_192' title='bbox 797 2264 1009 2352; x_wconf 74' lang='lat' dir='ltr'><strong>quandoque</strong></span> <span class='ocrx_word' id='word_1_193' title='bbox 1028 2284 1092 2351; x_wconf 90' lang='lat' dir='ltr'><strong>per</strong></span> <span class='ocrx_word' id='word_1_194' title='bbox 1119 2266 1133 2329; x_wconf 93' lang='lat' dir='ltr'><strong>l</strong></span> <span class='ocrx_word' id='word_1_195' title='bbox 1159 2263 1252 2330; x_wconf 90' lang='lat' dir='ltr'><strong>diem</strong></span> <span class='ocrx_word' id='word_1_196' title='bbox 1276 2274 1357 2330; x_wconf 87' lang='lat' dir='ltr'><strong>ante</strong></span> <span class='ocrx_word' id='word_1_197' title='bbox 1379 2263 1437 2331; x_wconf 92' lang='lat' dir='ltr'><strong>vel</strong></span> <span class='ocrx_word' id='word_1_198' title='bbox 1459 2274 1550 2349; x_wconf 89' lang='lat' dir='ltr'><strong>post.</strong></span> <span class='ocrx_word' id='word_1_199' title='bbox 1575 2262 1854 2349; x_wconf 79' lang='lat' dir='ltr'><strong>verumptamen</strong></span> <span class='ocrx_word' id='word_1_200' title='bbox 1878 2263 2042 2352; x_wconf 84' lang='lat' dir='ltr'><strong>quando</strong></span> <span class='ocrx_word' id='word_1_201' title='bbox 2067 2283 2168 2348; x_wconf 88' lang='lat' dir='ltr'><strong>super</strong></span> 
     </span>
     <span class='ocr_line' id='line_1_16' title="bbox 297 2364 2168 2453; baseline -0.002 -18"><span class='ocrx_word' id='word_1_202' title='bbox 297 2389 374 2435; x_wconf 90' lang='lat' dir='ltr'><strong>eum</strong></span> <span class='ocrx_word' id='word_1_203' title='bbox 397 2367 531 2435; x_wconf 92' lang='lat' dir='ltr'><strong>videbis</strong></span> <span class='ocrx_word' id='word_1_204' title='bbox 553 2386 733 2433; x_wconf 90' lang='lat' dir='ltr'><strong>numerum</strong></span> <span class='ocrx_word' id='word_1_205' title='bbox 755 2365 861 2433; x_wconf 84' lang='lat' dir='ltr'><strong>leriae</strong></span> <span class='ocrx_word' id='word_1_206' title='bbox 883 2366 1106 2433; x_wconf 85' lang='lat' dir='ltr'><strong>emendatum</strong></span> <span class='ocrx_word' id='word_1_207' title='bbox 1131 2366 1178 2432; x_wconf 86' lang='grc'><strong>20</strong></span> <span class='ocrx_word' id='word_1_208' title='bbox 1208 2366 1306 2431; x_wconf 87' lang='lat' dir='ltr'><strong>illam</strong></span> <span class='ocrx_word' id='word_1_209' title='bbox 1337 2366 1589 2435; x_wconf 91' lang='lat' dir='ltr'><strong>revolutionem</strong></span> <span class='ocrx_word' id='word_1_210' title='bbox 1619 2367 1697 2453; x_wconf 84' lang='lat' dir='ltr'><strong>ipss</strong></span> <span class='ocrx_word' id='word_1_211' title='bbox 1727 2364 1790 2433; x_wconf 89' lang='lat' dir='ltr'><strong>tibi</strong></span> <span class='ocrx_word' id='word_1_212' title='bbox 1821 2366 2002 2432; x_wconf 89' lang='lat' dir='ltr'><strong>ostendet</strong></span> <span class='ocrx_word' id='word_1_213' title='bbox 2034 2379 2168 2434; x_wconf 88' lang='lat' dir='ltr'><strong>certum</strong></span> 
     </span>
     <span class='ocr_line' id='line_1_17' title="bbox 297 2466 2169 2556; baseline -0.002 -21"><span class='ocrx_word' id='word_1_214' title='bbox 297 2469 388 2535; x_wconf 85' lang='lat' dir='ltr'><strong>diem</strong></span> <span class='ocrx_word' id='word_1_215' title='bbox 410 2468 503 2534; x_wconf 91' lang='lat' dir='ltr'><strong>illins</strong></span> <span class='ocrx_word' id='word_1_216' title='bbox 525 2467 655 2534; x_wconf 84' lang='lat' dir='ltr'><strong>mensis</strong></span> <span class='ocrx_word' id='word_1_217' title='bbox 676 2468 712 2533; x_wconf 93' lang='lat' dir='ltr'><strong>in</strong></span> <span class='ocrx_word' id='word_1_218' title='bbox 728 2488 800 2556; x_wconf 86' lang='lat' dir='ltr'><strong>qna</strong></span> <span class='ocrx_word' id='word_1_219' title='bbox 814 2466 922 2534; x_wconf 89' lang='lat' dir='ltr'><strong>intrat</strong></span> <span class='ocrx_word' id='word_1_220' title='bbox 938 2468 1068 2534; x_wconf 89' lang='lat' dir='ltr'><strong>lunaris</strong></span> <span class='ocrx_word' id='word_1_221' title='bbox 1084 2466 1149 2534; x_wconf 88' lang='lat' dir='ltr'><strong>sub</strong></span> <span class='ocrx_word' id='word_1_222' title='bbox 1164 2468 1293 2535; x_wconf 87' lang='lat' dir='ltr'><strong>solare.</strong></span> <span class='ocrx_word' id='word_1_223' title='bbox 1315 2467 1353 2534; x_wconf 90' lang='lat' dir='ltr'><strong>Si</strong></span> <span class='ocrx_word' id='word_1_224' title='bbox 1369 2480 1488 2535; x_wconf 89' lang='lat' dir='ltr'><strong>eutem</strong></span> <span class='ocrx_word' id='word_1_225' title='bbox 1503 2489 1572 2536; x_wconf 92' lang='lat' dir='ltr'><strong>non</strong></span> <span class='ocrx_word' id='word_1_226' title='bbox 1587 2468 1738 2536; x_wconf 90' lang='lat' dir='ltr'><strong>haberes</strong></span> <span class='ocrx_word' id='word_1_227' title='bbox 1759 2467 1824 2534; x_wconf 91' lang='lat' dir='ltr'><strong>nisi</strong></span> <span class='ocrx_word' id='word_1_228' title='bbox 1845 2469 2016 2555; x_wconf 87' lang='lat' dir='ltr'><strong>primam</strong></span> <span class='ocrx_word' id='word_1_229' title='bbox 2031 2469 2169 2534; x_wconf 89' lang='lat' dir='ltr'><strong>revolu-</strong></span> 
     </span>
     <span class='ocr_line' id='line_1_18' title="bbox 294 2568 2167 2660; baseline -0.001 -22"><span class='ocrx_word' id='word_1_230' title='bbox 294 2570 424 2638; x_wconf 90' lang='lat' dir='ltr'><strong>tionem</strong></span> <span class='ocrx_word' id='word_1_231' title='bbox 447 2591 518 2657; x_wconf 89' lang='lat' dir='ltr'><strong>que</strong></span> <span class='ocrx_word' id='word_1_232' title='bbox 540 2580 593 2637; x_wconf 88' lang='lat' dir='ltr'><strong>est</strong></span> <span class='ocrx_word' id='word_1_233' title='bbox 616 2571 658 2638; x_wconf 93' lang='grc'><strong>98</strong></span> <span class='ocrx_word' id='word_1_234' title='bbox 683 2568 850 2637; x_wconf 86' lang='lat' dir='ltr'><strong>mensium</strong></span> <span class='ocrx_word' id='word_1_235' title='bbox 873 2569 966 2638; x_wconf 87' lang='lat' dir='ltr'><strong>adde</strong></span> <span class='ocrx_word' id='word_1_236' title='bbox 989 2569 1134 2637; x_wconf 89' lang='lat' dir='ltr'><strong>cuilibet</strong></span> <span class='ocrx_word' id='word_1_237' title='bbox 1156 2570 1224 2636; x_wconf 90' lang='lat' dir='ltr'><strong>diei</strong></span> <span class='ocrx_word' id='word_1_238' title='bbox 1250 2571 1291 2636; x_wconf 92' lang='grc'><strong>10</strong></span> <span class='ocrx_word' id='word_1_239' title='bbox 1312 2591 1348 2660; x_wconf 83' lang='lat' dir='ltr'><strong>g.</strong></span> <span class='ocrx_word' id='word_1_240' title='bbox 1372 2580 1407 2636; x_wconf 92' lang='lat' dir='ltr'><strong>et</strong></span> <span class='ocrx_word' id='word_1_241' title='bbox 1429 2574 1449 2636; x_wconf 91' lang='grc'><strong>2</strong></span> <span class='ocrx_word' id='word_1_242' title='bbox 1473 2572 1553 2638; x_wconf 88' lang='lat' dir='ltr'><strong>min.</strong></span> <span class='ocrx_word' id='word_1_243' title='bbox 1578 2582 1614 2636; x_wconf 92' lang='lat' dir='ltr'><strong>et</strong></span> <span class='ocrx_word' id='word_1_244' title='bbox 1639 2568 1787 2637; x_wconf 86' lang='lat' dir='ltr'><strong>habebis</strong></span> <span class='ocrx_word' id='word_1_245' title='bbox 1812 2582 2037 2658; x_wconf 91' lang='lat' dir='ltr'><strong>sequentem</strong></span> <span class='ocrx_word' id='word_1_246' title='bbox 2071 2590 2167 2636; x_wconf 90' lang='lat' dir='ltr'><strong>revo-</strong></span> 
     </span>
     <span class='ocr_line' id='line_1_19' title="bbox 294 2669 2166 2763; baseline -0.002 -23"><span class='ocrx_word' id='word_1_247' title='bbox 294 2673 460 2740; x_wconf 89' lang='lat' dir='ltr'><strong>lutionem</strong></span> <span class='ocrx_word' id='word_1_248' title='bbox 483 2671 682 2763; x_wconf 84' lang='lat' dir='ltr'><strong>argumenti</strong></span> <span class='ocrx_word' id='word_1_249' title='bbox 703 2671 751 2740; x_wconf 84' lang='lat' dir='ltr'><strong>ad</strong></span> <span class='ocrx_word' id='word_1_250' title='bbox 773 2671 860 2738; x_wconf 89' lang='grc'>21122</span> <span class='ocrx_word' id='word_1_251' title='bbox 884 2673 926 2740; x_wconf 94' lang='grc'><strong>98</strong></span> <span class='ocrx_word' id='word_1_252' title='bbox 950 2692 1100 2748; x_wconf 87' lang='lat' dir='ltr'><strong>menses;</strong></span> <span class='ocrx_word' id='word_1_253' title='bbox 1124 2670 1219 2759; x_wconf 93' lang='lat' dir='ltr'><strong>quod</strong></span> <span class='ocrx_word' id='word_1_254' title='bbox 1242 2669 1387 2760; x_wconf 89' lang='lat' dir='ltr'><strong>quidem</strong></span> <span class='ocrx_word' id='word_1_255' title='bbox 1411 2671 1613 2739; x_wconf 83' lang='lat' dir='ltr'><strong>laciendum</strong></span> <span class='ocrx_word' id='word_1_256' title='bbox 1636 2684 1689 2740; x_wconf 89' lang='lat' dir='ltr'><strong>est</strong></span> <span class='ocrx_word' id='word_1_257' title='bbox 1704 2672 1740 2738; x_wconf 93' lang='lat' dir='ltr'><strong>in</strong></span> <span class='ocrx_word' id='word_1_258' title='bbox 1756 2671 1916 2759; x_wconf 84' lang='lat' dir='ltr'><strong>qualibet</strong></span> <span class='ocrx_word' id='word_1_259' title='bbox 1935 2675 2166 2741; x_wconf 89' lang='lat' dir='ltr'><strong>revolutione</strong></span> 
     </span>
     <span class='ocr_line' id='line_1_20' title="bbox 294 2772 2167 2865; baseline 0.001 -23"><span class='ocrx_word' id='word_1_260' title='bbox 294 2775 406 2842; x_wconf 89' lang='lat' dir='ltr'><strong>donec</strong></span> <span class='ocrx_word' id='word_1_261' title='bbox 429 2774 663 2862; x_wconf 88' lang='lat' dir='ltr'><strong>compleveris</strong></span> <span class='ocrx_word' id='word_1_262' title='bbox 685 2776 728 2841; x_wconf 85' lang='grc'><strong>30</strong></span> <span class='ocrx_word' id='word_1_263' title='bbox 751 2773 990 2840; x_wconf 87' lang='lat' dir='ltr'><strong>revolutiones</strong></span> <span class='ocrx_word' id='word_1_264' title='bbox 1012 2795 1105 2865; x_wconf 87' lang='lat' dir='ltr'><strong>quae</strong></span> <span class='ocrx_word' id='word_1_265' title='bbox 1126 2772 1258 2840; x_wconf 79' lang='lat' dir='ltr'><strong>faciunt</strong></span> <span class='ocrx_word' id='word_1_266' title='bbox 1273 2774 1339 2841; x_wconf 87' lang='grc'><strong>294</strong></span> <span class='ocrx_word' id='word_1_267' title='bbox 1355 2794 1465 2842; x_wconf 81' lang='lat' dir='ltr'><strong>annos</strong></span> <span class='ocrx_word' id='word_1_268' title='bbox 1481 2776 1625 2844; x_wconf 86' lang='lat' dir='ltr'><strong>lunares</strong></span> <span class='ocrx_word' id='word_1_269' title='bbox 1641 2787 1677 2841; x_wconf 94' lang='lat' dir='ltr'><strong>et</strong></span> <span class='ocrx_word' id='word_1_270' title='bbox 1693 2786 1776 2843; x_wconf 91' lang='lat' dir='ltr'><strong>tunc</strong></span> <span class='ocrx_word' id='word_1_271' title='bbox 1791 2774 1967 2842; x_wconf 90' lang='lat' dir='ltr'><strong>redibunt</strong></span> <span class='ocrx_word' id='word_1_272' title='bbox 1984 2775 2037 2843; x_wconf 87' lang='lat' dir='ltr'><strong>ad</strong></span> <span class='ocrx_word' id='word_1_273' title='bbox 2054 2777 2167 2843; x_wconf 87' lang='lat' dir='ltr'><strong>locum</strong></span> 
     </span>
     <span class='ocr_line' id='line_1_21' title="bbox 293 2873 2164 2967; baseline 0.001 -26"><span class='ocrx_word' id='word_1_274' title='bbox 293 2877 440 2963; x_wconf 87' lang='lat' dir='ltr'><strong>primum</strong></span> <span class='ocrx_word' id='word_1_275' title='bbox 469 2875 567 2942; x_wconf 88' lang='lat' dir='ltr'><strong>nullo</strong></span> <span class='ocrx_word' id='word_1_276' title='bbox 597 2875 719 2943; x_wconf 90' lang='lat' dir='ltr'><strong>addito</strong></span> <span class='ocrx_word' id='word_1_277' title='bbox 749 2873 808 2941; x_wconf 88' lang='lat' dir='ltr'><strong>vel</strong></span> <span class='ocrx_word' id='word_1_278' title='bbox 837 2873 1006 2942; x_wconf 89' lang='lat' dir='ltr'><strong>diminuto</strong></span> <span class='ocrx_word' id='word_1_279' title='bbox 1036 2887 1072 2943; x_wconf 90' lang='lat' dir='ltr'><strong>et</strong></span> <span class='ocrx_word' id='word_1_280' title='bbox 1101 2887 1184 2943; x_wconf 91' lang='lat' dir='ltr'><strong>tunc</strong></span> <span class='ocrx_word' id='word_1_281' title='bbox 1211 2887 1352 2963; x_wconf 91' lang='lat' dir='ltr'><strong>oportet</strong></span> <span class='ocrx_word' id='word_1_282' title='bbox 1374 2875 1509 2944; x_wconf 89' lang='lat' dir='ltr'><strong>addere</strong></span> <span class='ocrx_word' id='word_1_283' title='bbox 1536 2879 1551 2945; x_wconf 95' lang='lat' dir='ltr'><strong>l</strong></span> <span class='ocrx_word' id='word_1_284' title='bbox 1576 2877 1688 2944; x_wconf 91' lang='lat' dir='ltr'><strong>solum</strong></span> <span class='ocrx_word' id='word_1_285' title='bbox 1710 2876 1860 2967; x_wconf 82' lang='lat' dir='ltr'><strong>gradum</strong></span> <span class='ocrx_word' id='word_1_286' title='bbox 1884 2898 1958 2965; x_wconf 91' lang='lat' dir='ltr'><strong>per</strong></span> <span class='ocrx_word' id='word_1_287' title='bbox 1984 2877 2084 2946; x_wconf 86' lang='lat' dir='ltr'><strong>alios</strong></span> <span class='ocrx_word' id='word_1_288' title='bbox 2107 2880 2164 2945; x_wconf 84' lang='grc'><strong>294</strong></span> 
     </span>
     <span class='ocr_line' id='line_1_22' title="bbox 293 2975 1417 3067; baseline 0.004 -25"><span class='ocrx_word' id='word_1_289' title='bbox 293 2998 401 3045; x_wconf 90' lang='lat' dir='ltr'><strong>annos</strong></span> <span class='ocrx_word' id='word_1_290' title='bbox 424 2976 532 3044; x_wconf 87' lang='lat' dir='ltr'><strong>etsie</strong></span> <span class='ocrx_word' id='word_1_291' title='bbox 554 2996 694 3062; x_wconf 89' lang='lat' dir='ltr'><strong>semper</strong></span> <span class='ocrx_word' id='word_1_292' title='bbox 716 2975 945 3045; x_wconf 87' lang='lat' dir='ltr'><strong>consimiliter</strong></span> <span class='ocrx_word' id='word_1_293' title='bbox 967 2976 1139 3063; x_wconf 86' lang='lat' dir='ltr'><strong>procedet</strong></span> <span class='ocrx_word' id='word_1_294' title='bbox 1161 2989 1417 3067; x_wconf 71' lang='lat' dir='ltr'><strong>argumentum.</strong></span> 
     </span>
    </p>
   </div>
   <div class='ocr_carea' id='block_1_5' title="bbox 247 3189 2162 3503">
    <p class='ocr_par' dir='ltr' id='par_1_7' title="bbox 247 3189 2162 3503">
     <span class='ocr_line' id='line_1_23' title="bbox 399 3189 2162 3334; baseline 0.003 -36"><span class='ocrx_word' id='word_1_295' title='bbox 399 3189 611 3332; x_wconf 86' lang='lat' dir='ltr'><strong>Regulis</strong></span> <span class='ocrx_word' id='word_1_296' title='bbox 647 3193 1059 3331; x_wconf 87' lang='lat' dir='ltr'><strong>praecedentibus</strong></span> <span class='ocrx_word' id='word_1_297' title='bbox 1109 3215 1309 3334; x_wconf 84' lang='lat' dir='ltr'><strong>putatur</strong></span> <span class='ocrx_word' id='word_1_298' title='bbox 1357 3195 1456 3302; x_wconf 91' lang='lat' dir='ltr'><strong>iam</strong></span> <span class='ocrx_word' id='word_1_299' title='bbox 1490 3197 1623 3303; x_wconf 90' lang='lat' dir='ltr'><strong>nosci</strong></span> <span class='ocrx_word' id='word_1_300' title='bbox 1659 3196 1790 3303; x_wconf 85' lang='lat' dir='ltr'><strong>initia</strong></span> <span class='ocrx_word' id='word_1_301' title='bbox 1825 3197 2162 3304; x_wconf 83' lang='lat' dir='ltr'><strong>lunationium</strong></span> 
     </span>
     <span class='ocr_line' id='line_1_24' title="bbox 247 3358 2160 3503; baseline 0.003 -35"><span class='ocrx_word' id='word_1_302' title='bbox 247 3364 251 3381; x_wconf 88' lang='lat'>&#39;</span> <span class='ocrx_word' id='word_1_303' title='bbox 294 3362 542 3500; x_wconf 89' lang='lat' dir='ltr'><strong>usquead</strong></span> <span class='ocrx_word' id='word_1_304' title='bbox 567 3374 718 3495; x_wconf 63' lang='lat' dir='ltr'><strong>294⁸m.</strong></span> <span class='ocrx_word' id='word_1_305' title='bbox 757 3358 834 3466; x_wconf 87' lang='lat' dir='ltr'><strong>At</strong></span> <span class='ocrx_word' id='word_1_306' title='bbox 869 3400 1028 3469; x_wconf 87' lang='lat' dir='ltr'><strong>canon</strong></span> <span class='ocrx_word' id='word_1_307' title='bbox 1052 3360 1328 3502; x_wconf 87' lang='lat' dir='ltr'><strong>dicitquod</strong></span> <span class='ocrx_word' id='word_1_308' title='bbox 1363 3362 1668 3503; x_wconf 88' lang='lat' dir='ltr'><strong>Prophacius</strong></span> <span class='ocrx_word' id='word_1_309' title='bbox 1694 3364 1788 3473; x_wconf 92' lang='lat' dir='ltr'><strong>hoc</strong></span> <span class='ocrx_word' id='word_1_310' title='bbox 1818 3364 1934 3472; x_wconf 89' lang='lat' dir='ltr'><strong>fecit</strong></span> <span class='ocrx_word' id='word_1_311' title='bbox 1961 3388 2160 3473; x_wconf 85' lang='lat' dir='ltr'><strong>tantum</strong></span> 
     </span>
    </p>
   </div>
   <div class='ocr_carea' id='block_1_6' title="bbox 291 3527 2157 5858">
    <p class='ocr_par' dir='ltr' id='par_1_8' title="bbox 291 3527 2220 5142">
     <span class='ocr_line' id='line_1_25' title="bbox 294 3527 2157 3666; baseline 0.005 -33"><span class='ocrx_word' id='word_1_312' title='bbox 294 3567 452 3666; x_wconf 84' lang='lat' dir='ltr'><strong>usque</strong></span> <span class='ocrx_word' id='word_1_313' title='bbox 494 3527 559 3634; x_wconf 88' lang='lat' dir='ltr'><strong>ad</strong></span> <span class='ocrx_word' id='word_1_314' title='bbox 601 3541 685 3662; x_wconf 78' lang='lat' dir='ltr'><strong>39¹.n</strong></span> <span class='ocrx_word' id='word_1_315' title='bbox 727 3528 1030 3637; x_wconf 87' lang='lat' dir='ltr'><strong>lunationem</strong></span> <span class='ocrx_word' id='word_1_316' title='bbox 1072 3544 1130 3657; x_wconf 71' lang='grc' dir='ltr'><strong>3ιο</strong></span> <span class='ocrx_word' id='word_1_317' title='bbox 1173 3531 1484 3640; x_wconf 85' lang='lat' dir='ltr'><strong>revolutionis</strong></span> <span class='ocrx_word' id='word_1_318' title='bbox 1527 3535 1605 3666; x_wconf 87' lang='lat'><strong>(98</strong></span> <span class='ocrx_word' id='word_1_319' title='bbox 1647 3573 1888 3641; x_wconf 89' lang='lat' dir='ltr'><strong>annorum</strong></span> <span class='ocrx_word' id='word_1_320' title='bbox 1939 3539 2157 3664; x_wconf 90' lang='lat' dir='ltr'><strong>tantum)</strong></span> 
     </span>
     <span class='ocr_line' id='line_1_26' title="bbox 291 3694 2156 3834; baseline 0.003 -32"><span class='ocrx_word' id='word_1_321' title='bbox 291 3694 471 3802; x_wconf 88' lang='lat' dir='ltr'><strong>scilicet</strong></span> <span class='ocrx_word' id='word_1_322' title='bbox 512 3732 670 3832; x_wconf 90' lang='lat' dir='ltr'><strong>usque</strong></span> <span class='ocrx_word' id='word_1_323' title='bbox 713 3694 779 3801; x_wconf 90' lang='lat' dir='ltr'><strong>sd</strong></span> <span class='ocrx_word' id='word_1_324' title='bbox 824 3698 1178 3834; x_wconf 90' lang='lat' dir='ltr'><strong>complendum</strong></span> <span class='ocrx_word' id='word_1_325' title='bbox 1213 3737 1261 3833; x_wconf 90' lang='grc'><strong>29</strong></span> <span class='ocrx_word' id='word_1_326' title='bbox 1296 3739 1450 3807; x_wconf 87' lang='lat' dir='ltr'><strong>annos</strong></span> <span class='ocrx_word' id='word_1_327' title='bbox 1486 3701 1665 3809; x_wconf 87' lang='lat' dir='ltr'><strong>solares</strong></span> <span class='ocrx_word' id='word_1_328' title='bbox 1702 3701 1803 3809; x_wconf 91' lang='lat' dir='ltr'><strong>sive</strong></span> <span class='ocrx_word' id='word_1_329' title='bbox 1839 3735 1909 3829; x_wconf 84' lang='lat'><strong>235</strong></span> <span class='ocrx_word' id='word_1_330' title='bbox 1952 3703 2156 3810; x_wconf 83' lang='lat' dir='ltr'><strong>lunatio</strong></span> 
     </span>
     <span class='ocr_line' id='line_1_27' title="bbox 292 3863 2152 4010; baseline 0.005 -41"><span class='ocrx_word' id='word_1_331' title='bbox 292 3905 393 3972; x_wconf 87' lang='lat' dir='ltr'><strong>nes.</strong></span> <span class='ocrx_word' id='word_1_332' title='bbox 433 3863 598 3971; x_wconf 88' lang='lat' dir='ltr'><strong>Docet</strong></span> <span class='ocrx_word' id='word_1_333' title='bbox 634 3902 755 4004; x_wconf 85' lang='lat' dir='ltr'><strong>ergo</strong></span> <span class='ocrx_word' id='word_1_334' title='bbox 784 3863 1002 3971; x_wconf 91' lang='lat' dir='ltr'><strong>invenire</strong></span> <span class='ocrx_word' id='word_1_335' title='bbox 1034 3888 1253 3974; x_wconf 88' lang='lat' dir='ltr'><strong>coeteras</strong></span> <span class='ocrx_word' id='word_1_336' title='bbox 1280 3867 1553 3976; x_wconf 84' lang='lat' dir='ltr'><strong>lunationes</strong></span> <span class='ocrx_word' id='word_1_337' title='bbox 1579 3909 1679 3975; x_wconf 91' lang='lat' dir='ltr'><strong>non</strong></span> <span class='ocrx_word' id='word_1_338' title='bbox 1704 3870 1866 3976; x_wconf 91' lang='lat' dir='ltr'><strong>solum</strong></span> <span class='ocrx_word' id='word_1_339' title='bbox 1890 3910 2068 4010; x_wconf 89' lang='lat' dir='ltr'><strong>usque</strong></span> <span class='ocrx_word' id='word_1_340' title='bbox 2093 3873 2152 3978; x_wconf 87' lang='lat' dir='ltr'><strong>ad</strong></span> 
     </span>
     <span class='ocr_line' id='line_1_28' title="bbox 295 4029 2152 4180; baseline 0.006 -44"><span class='ocrx_word' id='word_1_341' title='bbox 295 4046 426 4167; x_wconf 85' lang='lat'>294¹¹¹,</span> <span class='ocrx_word' id='word_1_342' title='bbox 455 4070 583 4170; x_wconf 90' lang='lat' dir='ltr'><strong>quae</strong></span> <span class='ocrx_word' id='word_1_343' title='bbox 610 4051 682 4137; x_wconf 85' lang='lat' dir='ltr'><strong>est</strong></span> <span class='ocrx_word' id='word_1_344' title='bbox 706 4029 876 4138; x_wconf 85' lang='lat' dir='ltr'><strong>ultima</strong></span> <span class='ocrx_word' id='word_1_345' title='bbox 899 4044 957 4158; x_wconf 75' lang='lat'><strong>3⁸⁶</strong></span> <span class='ocrx_word' id='word_1_346' title='bbox 983 4072 1084 4140; x_wconf 78' lang='lat' dir='ltr'><strong>rev,</strong></span> <span class='ocrx_word' id='word_1_347' title='bbox 1114 4036 1191 4168; x_wconf 88' lang='grc'>(98</span> <span class='ocrx_word' id='word_1_348' title='bbox 1227 4038 1488 4164; x_wconf 86' lang='lat' dir='ltr'><strong>annorum)</strong></span> <span class='ocrx_word' id='word_1_349' title='bbox 1525 4040 1614 4144; x_wconf 89' lang='lat' dir='ltr'><strong>sed</strong></span> <span class='ocrx_word' id='word_1_350' title='bbox 1653 4060 1701 4146; x_wconf 89' lang='lat' dir='ltr'><strong>et</strong></span> <span class='ocrx_word' id='word_1_351' title='bbox 1737 4037 1950 4177; x_wconf 86' lang='lat' dir='ltr'><strong>amplius</strong></span> <span class='ocrx_word' id='word_1_352' title='bbox 1987 4082 2152 4180; x_wconf 92' lang='lat' dir='ltr'><strong>usque</strong></span> 
     </span>
     <span class='ocr_line' id='line_1_29' title="bbox 294 4197 2150 4345; baseline 0.005 -40"><span class='ocrx_word' id='word_1_353' title='bbox 294 4201 358 4305; x_wconf 86' lang='lat' dir='ltr'><strong>ad</strong></span> <span class='ocrx_word' id='word_1_354' title='bbox 393 4209 477 4326; x_wconf 69' lang='grc' dir='ltr'><strong>78ω</strong></span> <span class='ocrx_word' id='word_1_355' title='bbox 514 4211 580 4330; x_wconf 76' lang='lat'><strong>4⁸⁸</strong></span> <span class='ocrx_word' id='word_1_356' title='bbox 616 4237 717 4305; x_wconf 87' lang='lat' dir='ltr'><strong>rev.</strong></span> <span class='ocrx_word' id='word_1_357' title='bbox 755 4197 941 4305; x_wconf 81' lang='grc'>22111222·</span> <span class='ocrx_word' id='word_1_358' title='bbox 968 4238 1130 4338; x_wconf 89' lang='lat' dir='ltr'><strong>usque</strong></span> <span class='ocrx_word' id='word_1_359' title='bbox 1164 4202 1230 4308; x_wconf 85' lang='lat' dir='ltr'><strong>ad</strong></span> <span class='ocrx_word' id='word_1_360' title='bbox 1274 4218 1394 4337; x_wconf 72' lang='lat' dir='ltr'><strong>470m</strong></span> <span class='ocrx_word' id='word_1_361' title='bbox 1438 4243 1538 4343; x_wconf 87' lang='lat' dir='ltr'><strong>qua</strong></span> <span class='ocrx_word' id='word_1_362' title='bbox 1582 4208 1891 4345; x_wconf 88' lang='lat' dir='ltr'><strong>complentur</strong></span> <span class='ocrx_word' id='word_1_363' title='bbox 1934 4219 1991 4334; x_wconf 85' lang='lat'><strong>38</strong></span> <span class='ocrx_word' id='word_1_364' title='bbox 2041 4208 2150 4315; x_wconf 86' lang='lat' dir='ltr'><strong>armi</strong></span> 
     </span>
     <span class='ocr_line' id='line_1_30' title="bbox 294 4365 2148 4516; baseline 0.004 -44"><span class='ocrx_word' id='word_1_365' title='bbox 294 4366 487 4514; x_wconf 75' lang='lat' dir='ltr'><strong>solares</strong></span> <span class='ocrx_word' id='word_1_366' title='bbox 527 4365 699 4472; x_wconf 84' lang='lat' dir='ltr'><strong>Verba</strong></span> <span class='ocrx_word' id='word_1_367' title='bbox 733 4387 901 4473; x_wconf 84' lang='lat' dir='ltr'><strong>autem</strong></span> <span class='ocrx_word' id='word_1_368' title='bbox 939 4379 966 4413; x_wconf 78' lang='lat'><strong>‘⁴</strong></span> <span class='ocrx_word' id='word_1_369' title='bbox 989 4367 1057 4474; x_wconf 91' lang='lat' dir='ltr'><strong>sic</strong></span> <span class='ocrx_word' id='word_1_370' title='bbox 1093 4370 1230 4507; x_wconf 93' lang='lat' dir='ltr'><strong>quod</strong></span> <span class='ocrx_word' id='word_1_371' title='bbox 1268 4370 1387 4476; x_wconf 90' lang='lat' dir='ltr'><strong>illud</strong></span> <span class='ocrx_word' id='word_1_372' title='bbox 1432 4373 1569 4511; x_wconf 91' lang='lat' dir='ltr'><strong>quod</strong></span> <span class='ocrx_word' id='word_1_373' title='bbox 1618 4373 1842 4481; x_wconf 87' lang='lat' dir='ltr'><strong>invenisti</strong></span> <span class='ocrx_word' id='word_1_374' title='bbox 1887 4375 1939 4479; x_wconf 90' lang='lat' dir='ltr'><strong>in</strong></span> <span class='ocrx_word' id='word_1_375' title='bbox 1984 4377 2148 4516; x_wconf 91' lang='lat' dir='ltr'><strong>primo</strong></span> 
     </span>
     <span class='ocr_line' id='line_1_31' title="bbox 294 4533 2146 4677; baseline 0.004 -36"><span class='ocrx_word' id='word_1_376' title='bbox 294 4572 465 4641; x_wconf 88' lang='lat' dir='ltr'><strong>mense</strong></span> <span class='ocrx_word' id='word_1_377' title='bbox 500 4547 551 4637; x_wconf 69' lang='grc' dir='ltr'><strong>2ιο</strong></span> <span class='ocrx_word' id='word_1_378' title='bbox 586 4533 896 4639; x_wconf 86' lang='lat' dir='ltr'><strong>revolutionis</strong></span> <span class='ocrx_word' id='word_1_379' title='bbox 931 4533 990 4639; x_wconf 85' lang='lat' dir='ltr'><strong>sit</strong></span> <span class='ocrx_word' id='word_1_380' title='bbox 1033 4575 1182 4675; x_wconf 90' lang='lat' dir='ltr'><strong>super</strong></span> <span class='ocrx_word' id='word_1_381' title='bbox 1216 4539 1435 4677; x_wconf 91' lang='lat' dir='ltr'><strong>primum</strong></span> <span class='ocrx_word' id='word_1_382' title='bbox 1471 4578 1540 4673; x_wconf 87' lang='lat'><strong>40</strong></span> <span class='ocrx_word' id='word_1_383' title='bbox 1576 4544 1756 4648; x_wconf 87' lang='lat' dir='ltr'><strong>mensis</strong></span> <span class='ocrx_word' id='word_1_384' title='bbox 1792 4557 1850 4670; x_wconf 71' lang='grc' dir='ltr'><strong>3“ο</strong></span> <span class='ocrx_word' id='word_1_385' title='bbox 1885 4545 2146 4650; x_wconf 81' lang='lat' dir='ltr'><strong>revolutio</strong></span> 
     </span>
     <span class='ocr_line' id='line_1_32' title="bbox 295 4700 2146 4849; baseline 0.006 -44"><span class='ocrx_word' id='word_1_386' title='bbox 295 4700 369 4805; x_wconf 88' lang='lat' dir='ltr'><strong>nis</strong></span> <span class='ocrx_word' id='word_1_387' title='bbox 409 4721 458 4805; x_wconf 88' lang='lat' dir='ltr'><strong>et</strong></span> <span class='ocrx_word' id='word_1_388' title='bbox 496 4701 633 4839; x_wconf 91' lang='lat' dir='ltr'><strong>quod</strong></span> <span class='ocrx_word' id='word_1_389' title='bbox 677 4740 825 4839; x_wconf 88' lang='lat' dir='ltr'><strong>super</strong></span> <span class='ocrx_word' id='word_1_390' title='bbox 868 4704 1143 4810; x_wconf 89' lang='lat' dir='ltr'><strong>secundum</strong></span> <span class='ocrx_word' id='word_1_391' title='bbox 1186 4706 1344 4813; x_wconf 78' lang='lat' dir='ltr'><strong>scribe</strong></span> <span class='ocrx_word' id='word_1_392' title='bbox 1382 4748 1532 4847; x_wconf 88' lang='lat' dir='ltr'><strong>super</strong></span> <span class='ocrx_word' id='word_1_393' title='bbox 1569 4749 1668 4843; x_wconf 88' lang='lat'><strong>41„</strong></span> <span class='ocrx_word' id='word_1_394' title='bbox 1708 4710 1997 4849; x_wconf 83' lang='lat' dir='ltr'><strong>accipienda</strong></span> <span class='ocrx_word' id='word_1_395' title='bbox 2037 4735 2146 4819; x_wconf 90' lang='lat' dir='ltr'><strong>sunt</strong></span> 
     </span>
     <span class='ocr_line' id='line_1_33' title="bbox 295 4865 2147 5013; baseline 0.009 -41"><span class='ocrx_word' id='word_1_396' title='bbox 295 4907 441 4975; x_wconf 87' lang='lat' dir='ltr'><strong>sensu</strong></span> <span class='ocrx_word' id='word_1_397' title='bbox 477 4867 572 4974; x_wconf 88' lang='lat' dir='ltr'><strong>lato</strong></span> <span class='ocrx_word' id='word_1_398' title='bbox 597 4865 777 4975; x_wconf 88' lang='lat' dir='ltr'><strong>scilicet</strong></span> <span class='ocrx_word' id='word_1_399' title='bbox 800 4867 1028 4975; x_wconf 86' lang='lat' dir='ltr'><strong>adhibitis</strong></span> <span class='ocrx_word' id='word_1_400' title='bbox 1053 4872 1232 5009; x_wconf 83' lang='lat' dir='ltr'><strong>regulis</strong></span> <span class='ocrx_word' id='word_1_401' title='bbox 1258 4877 1671 5013; x_wconf 89' lang='lat' dir='ltr'><strong>praecedentibus</strong></span> <span class='ocrx_word' id='word_1_402' title='bbox 1697 4918 1796 4984; x_wconf 90' lang='lat' dir='ltr'><strong>non</strong></span> <span class='ocrx_word' id='word_1_403' title='bbox 1821 4879 2001 5001; x_wconf 87' lang='lat' dir='ltr'><strong>stricte,</strong></span> <span class='ocrx_word' id='word_1_404' title='bbox 2032 4881 2147 4988; x_wconf 81' lang='lat' dir='ltr'><strong>falsa</strong></span> 
     </span>
     <span class='ocr_line' id='line_1_34' title="bbox 296 5034 782 5142; baseline -0.006 -1"><span class='ocrx_word' id='word_1_405' title='bbox 296 5034 427 5141; x_wconf 91' lang='lat' dir='ltr'><strong>enim</strong></span> <span class='ocrx_word' id='word_1_406' title='bbox 464 5054 638 5142; x_wconf 90' lang='lat' dir='ltr'><strong>essent.</strong></span> <span class='ocrx_word' id='word_1_407' title='bbox 778 5133 782 5138; x_wconf 83' lang='lat'><em>.</em></span> 
     </span>
    </p>

    <p class='ocr_par' dir='ltr' id='par_1_9' title="bbox 291 5197 2147 5858">
     <span class='ocr_line' id='line_1_35' title="bbox 398 5197 2147 5353; baseline 0.01 -48"><span class='ocrx_word' id='word_1_408' title='bbox 398 5197 673 5335; x_wconf 84' lang='lat' dir='ltr'><strong>Quomodo</strong></span> <span class='ocrx_word' id='word_1_409' title='bbox 708 5202 832 5310; x_wconf 89' lang='lat' dir='ltr'><strong>haec</strong></span> <span class='ocrx_word' id='word_1_410' title='bbox 867 5206 1030 5311; x_wconf 87' lang='lat' dir='ltr'><strong>omnia</strong></span> <span class='ocrx_word' id='word_1_411' title='bbox 1072 5207 1202 5315; x_wconf 81' lang='lat' dir='ltr'><strong>dicta</strong></span> <span class='ocrx_word' id='word_1_412' title='bbox 1244 5210 1338 5315; x_wconf 90' lang='lat' dir='ltr'><strong>sint</strong></span> <span class='ocrx_word' id='word_1_413' title='bbox 1385 5233 1498 5349; x_wconf 91' lang='lat' dir='ltr'><strong>post</strong></span> <span class='ocrx_word' id='word_1_414' title='bbox 1545 5213 1740 5352; x_wconf 85' lang='lat' dir='ltr'><strong>regulas</strong></span> <span class='ocrx_word' id='word_1_415' title='bbox 1786 5217 2147 5353; x_wconf 89' lang='lat' dir='ltr'><strong>praecedentes</strong></span> 
     </span>
     <span class='ocr_line' id='line_1_36' title="bbox 294 5368 2146 5526; baseline 0.01 -52"><span class='ocrx_word' id='word_1_416' title='bbox 294 5368 412 5475; x_wconf 91' lang='lat' dir='ltr'><strong>mihi</strong></span> <span class='ocrx_word' id='word_1_417' title='bbox 437 5408 535 5474; x_wconf 91' lang='lat' dir='ltr'><strong>non</strong></span> <span class='ocrx_word' id='word_1_418' title='bbox 561 5392 635 5476; x_wconf 89' lang='lat' dir='ltr'><strong>est</strong></span> <span class='ocrx_word' id='word_1_419' title='bbox 660 5393 984 5509; x_wconf 84' lang='lat' dir='ltr'><strong>compertum.</strong></span> <span class='ocrx_word' id='word_1_420' title='bbox 1024 5374 1248 5515; x_wconf 90' lang='lat' dir='ltr'><strong>Itemque</strong></span> <span class='ocrx_word' id='word_1_421' title='bbox 1285 5379 1458 5485; x_wconf 90' lang='lat' dir='ltr'><strong>clarius</strong></span> <span class='ocrx_word' id='word_1_422' title='bbox 1495 5419 1595 5487; x_wconf 91' lang='lat' dir='ltr'><strong>non</strong></span> <span class='ocrx_word' id='word_1_423' title='bbox 1631 5381 1749 5488; x_wconf 91' lang='lat' dir='ltr'><strong>mihi</strong></span> <span class='ocrx_word' id='word_1_424' title='bbox 1785 5383 1981 5490; x_wconf 90' lang='lat' dir='ltr'><strong>videtur</strong></span> <span class='ocrx_word' id='word_1_425' title='bbox 2009 5386 2146 5526; x_wconf 90' lang='lat' dir='ltr'><strong>quod</strong></span> 
     </span>
     <span class='ocr_line' id='line_1_37' title="bbox 291 5525 2145 5692; baseline 0.011 -51"><span class='ocrx_word' id='word_1_426' title='bbox 291 5536 501 5657; x_wconf 89' lang='lat' dir='ltr'><strong>additur,</strong></span> <span class='ocrx_word' id='word_1_427' title='bbox 528 5536 627 5644; x_wconf 87' lang='lat' dir='ltr'><strong>iam</strong></span> <span class='ocrx_word' id='word_1_428' title='bbox 664 5539 796 5644; x_wconf 90' lang='lat' dir='ltr'><strong>enim</strong></span> <span class='ocrx_word' id='word_1_429' title='bbox 831 5539 955 5648; x_wconf 86' lang='lat' dir='ltr'><strong>haec</strong></span> <span class='ocrx_word' id='word_1_430' title='bbox 989 5541 1227 5651; x_wconf 85' lang='lat' dir='ltr'><strong>affirmata</strong></span> <span class='ocrx_word' id='word_1_431' title='bbox 1263 5568 1378 5652; x_wconf 91' lang='lat' dir='ltr'><strong>sunt</strong></span> <span class='ocrx_word' id='word_1_432' title='bbox 1396 5569 1552 5657; x_wconf 85' lang='lat' dir='ltr'><strong>antes.</strong></span> <span class='ocrx_word' id='word_1_433' title='bbox 1580 5549 1721 5667; x_wconf 91' lang='lat' dir='ltr'><strong>Puto,</strong></span> <span class='ocrx_word' id='word_1_434' title='bbox 1749 5552 1885 5692; x_wconf 91' lang='lat' dir='ltr'><strong>quod</strong></span> <span class='ocrx_word' id='word_1_435' title='bbox 1908 5525 2045 5661; x_wconf 87' lang='lat' dir='ltr'><strong>haec</strong></span> <span class='ocrx_word' id='word_1_436' title='bbox 2072 5554 2145 5661; x_wconf 84' lang='lat' dir='ltr'><strong>vel</strong></span> 
     </span>
     <span class='ocr_line' id='line_1_38' title="bbox 292 5705 2147 5858; baseline 0.011 -52"><span class='ocrx_word' id='word_1_437' title='bbox 292 5705 647 5840; x_wconf 86' lang='lat' dir='ltr'><strong>praecedentia,</strong></span> <span class='ocrx_word' id='word_1_438' title='bbox 687 5707 882 5814; x_wconf 82' lang='lat' dir='ltr'><strong>alterius</strong></span> <span class='ocrx_word' id='word_1_439' title='bbox 930 5708 1024 5814; x_wconf 90' lang='lat' dir='ltr'><strong>sint</strong></span> <span class='ocrx_word' id='word_1_440' title='bbox 1073 5751 1261 5820; x_wconf 85' lang='lat' dir='ltr'><strong>manus.</strong></span> <span class='ocrx_word' id='word_1_441' title='bbox 1311 5714 1426 5822; x_wconf 90' lang='lat' dir='ltr'><strong>Hae</strong></span> <span class='ocrx_word' id='word_1_442' title='bbox 1477 5717 1685 5826; x_wconf 88' lang='lat' dir='ltr'><strong>rationes</strong></span> <span class='ocrx_word' id='word_1_443' title='bbox 1731 5719 1994 5858; x_wconf 87' lang='lat' dir='ltr'><strong>Prophacii</strong></span> <span class='ocrx_word' id='word_1_444' title='bbox 2050 5761 2147 5828; x_wconf 89' lang='lat' dir='ltr'><strong>non</strong></span> 
     </span>
    </p>
   </div>
   <div class='ocr_carea' id='block_1_7' title="bbox 292 5870 2148 6002">
    <p class='ocr_par' dir='ltr' id='par_1_10' title="bbox 292 5870 2148 6002">
     <span class='ocr_line' id='line_1_39' title="bbox 292 5870 2148 6002; baseline 0.012 -27"><span class='ocrx_word' id='word_1_445' title='bbox 292 5910 465 5979; x_wconf 90' lang='lat' dir='ltr'><strong>omnes</strong></span> <span class='ocrx_word' id='word_1_446' title='bbox 500 5871 551 5977; x_wconf 92' lang='lat' dir='ltr'><strong>in</strong></span> <span class='ocrx_word' id='word_1_447' title='bbox 587 5870 778 5983; x_wconf 89' lang='lat' dir='ltr'><strong>Codice</strong></span> <span class='ocrx_word' id='word_1_448' title='bbox 813 5917 843 5981; x_wconf 90' lang='lat' dir='ltr'><strong>a</strong></span> <span class='ocrx_word' id='word_1_449' title='bbox 879 5876 1020 5983; x_wconf 91' lang='lat' dir='ltr'><strong>nobis</strong></span> <span class='ocrx_word' id='word_1_450' title='bbox 1056 5879 1220 6002; x_wconf 88' lang='lat' dir='ltr'><strong>relat0,</strong></span> <span class='ocrx_word' id='word_1_451' title='bbox 1260 5884 1348 5990; x_wconf 92' lang='lat' dir='ltr'><strong>sed</strong></span> <span class='ocrx_word' id='word_1_452' title='bbox 1384 5883 1433 5988; x_wconf 92' lang='lat' dir='ltr'><strong>in</strong></span> <span class='ocrx_word' id='word_1_453' title='bbox 1470 5882 1661 5995; x_wconf 87' lang='lat' dir='ltr'><strong>Codice</strong></span> <span class='ocrx_word' id='word_1_454' title='bbox 1686 5886 1838 5994; x_wconf 83' lang='lat' dir='ltr'><strong>Laur.</strong></span> <span class='ocrx_word' id='word_1_455' title='bbox 1865 5885 1938 5994; x_wconf 90' lang='lat' dir='ltr'><strong>Pl.</strong></span> <span class='ocrx_word' id='word_1_456' title='bbox 1967 5888 2148 5997; x_wconf 84' lang='lat' dir='ltr'>XVIII</span> 
     </span>
    </p>
   </div>
   <div class='ocr_carea' id='block_1_8' title="bbox 291 6037 2148 6200">
    <p class='ocr_par' dir='ltr' id='par_1_11' title="bbox 291 6037 2148 6200">
     <span class='ocr_line' id='line_1_40' title="bbox 291 6037 2148 6200; baseline 0.014 -58"><span class='ocrx_word' id='word_1_457' title='bbox 291 6037 377 6170; x_wconf 92' lang='lat' dir='ltr'><strong>sin.</strong></span> <span class='ocrx_word' id='word_1_458' title='bbox 417 6078 442 6143; x_wconf 89' lang='lat'>2</span> <span class='ocrx_word' id='word_1_459' title='bbox 476 6040 804 6151; x_wconf 88' lang='lat' dir='ltr'><strong>inveniuntur.</strong></span> <span class='ocrx_word' id='word_1_460' title='bbox 843 6043 1042 6186; x_wconf 89' lang='lat' dir='ltr'><strong>Reliqui</strong></span> <span class='ocrx_word' id='word_1_461' title='bbox 1079 6089 1196 6154; x_wconf 91' lang='lat' dir='ltr'><strong>vero</strong></span> <span class='ocrx_word' id='word_1_462' title='bbox 1232 6091 1443 6158; x_wconf 88' lang='lat' dir='ltr'><strong>canones</strong></span> <span class='ocrx_word' id='word_1_463' title='bbox 1479 6054 1615 6160; x_wconf 86' lang='lat' dir='ltr'><strong>haud</strong></span> <span class='ocrx_word' id='word_1_464' title='bbox 1652 6055 1769 6161; x_wconf 92' lang='lat' dir='ltr'><strong>mihi</strong></span> <span class='ocrx_word' id='word_1_465' title='bbox 1806 6055 1960 6193; x_wconf 84' lang='lat' dir='ltr'><strong>digna</strong></span> <span class='ocrx_word' id='word_1_466' title='bbox 1998 6059 2148 6200; x_wconf 87' lang='lat' dir='ltr'><strong>expli·</strong></span> 
     </span>
    </p>
   </div>
   <div class='ocr_carea' id='block_1_9' title="bbox 1044 6300 1390 6395">
    <p class='ocr_par' dir='ltr' id='par_1_12' title="bbox 1044 6300 1390 6395">
     <span class='ocr_line' id='line_1_41' title="bbox 1044 6300 1390 6395; baseline 0.02 -7"><span class='ocrx_word' id='word_1_467' title='bbox 1044 6316 1092 6388; x_wconf 72' lang='grc'><strong>22</strong></span> <span class='ocrx_word' id='word_1_468' title='bbox 1124 6300 1310 6387; x_wconf 83' lang='lat' dir='ltr'>XXXIV</span> <span class='ocrx_word' id='word_1_469' title='bbox 1341 6321 1390 6395; x_wconf 66' lang='grc'><strong>22</strong></span> 
     </span>
    </p>
   </div>
   <div class='ocr_carea' id='block_1_10' title="bbox 0 0 2386 7175">
    <p class='ocr_par' dir='ltr' id='par_1_13' title="bbox 0 0 2386 7175">
     <span class='ocr_line' id='line_1_42' title="bbox 0 0 2386 7175; baseline 0 0"><span class='ocrx_word' id='word_1_470' title='bbox 0 0 2386 7175; x_wconf 95' lang='lat' dir='ltr'><strong> </strong></span> 
     </span>
    </p>
   </div>
  </div>
 </body>
</html>
