4764 7176
94 561 130 616 et
151 553 178 616 si
195 544 447 637 oppositionem
472 561 525 615 est
548 549 582 613 in
606 548 721 615 medio
744 548 819 616 eius
841 547 977 615 scilicet
999 546 1035 612 in
1053 549 1092 613 14
1109 548 1167 614 vel
1187 548 1226 614 15
1242 548 1301 615 die
1316 545 1471 614 eiusdem
1485 559 1523 614 et
1539 547 1629 613 scias
1645 546 1680 611 in
1698 557 1807 633 quota
1818 544 1880 611 die
1895 556 1948 610 est

95 651 293 719 coniunctio
308 647 367 716 vel
380 649 555 737 oppositio
570 650 698 717 mensis
714 650 850 730 solaris,
862 670 967 737 quem
990 650 1079 716 scire
1103 662 1203 738 potes
1225 671 1290 737 per
1312 671 1494 717 numerum
1516 650 1552 714 in
1575 669 1646 736 quo
1668 649 1795 717 mensis
1818 648 1948 715 lunaris
2096 729 2107 739 1

92 753 199 819 intrat
221 767 374 819 mensem
397 748 550 819 solarem
574 751 665 818 scias
687 763 724 820 et
746 752 863 819 locum
884 751 969 819 solis
993 762 1028 819 et
1050 751 1155 819 lunae
1177 753 1211 818 in
1237 753 1294 820 die
1316 752 1379 820 ille
1401 773 1493 842 quae
1515 751 1637 837 incipit
1659 752 1695 816 iu
1713 750 1862 819 meridie
1878 751 1947 817 diei

92 854 185 921 illius
207 854 243 921 in
265 852 579 941 Montepessulano
603 864 639 922 et
662 853 815 923 invenies
839 853 936 942 quod
959 865 1061 922 erunt
1084 854 1261 922 coniuncti
1285 857 1341 922 vel
1363 854 1527 942 oppositi,
1552 855 1609 920 vel
1632 853 1748 921 medii.
1780 851 1888 930 Quod
1917 854 1947 920 si

96 959 185 1023 inter
215 956 274 1023 illa
306 959 384 1024 loca
415 958 673 1024 coniunctionio
696 959 753 1024 vel
780 956 1007 1044 oppositionis
1029 956 1203 1024 inveneris
1225 958 1412 1045 plusquam
1436 957 1455 1030 7
1479 957 1624 1046 gradus,
1646 954 1736 1021 scias
1761 954 1856 1042 quod
1878 976 1947 1022 non

95 1072 212 1146 potest
233 1083 311 1127 esse
334 1060 535 1127 coniunctio
551 1060 609 1125 vel
624 1059 800 1146 oppositio
823 1060 858 1125 in
882 1059 938 1126 die
960 1059 1037 1125 illa:
1062 1058 1188 1144 accipe
1205 1079 1290 1147 ergo
1306 1059 1578 1146 praecedentem
1594 1058 1652 1125 vel
1666 1056 1947 1144 subsequentem,

47 1167 80 1220 θ
96 1162 133 1229 Si
156 1175 274 1229 autem
297 1163 350 1228 vis
372 1163 463 1229 scire
486 1173 602 1228 utrum
625 1161 669 1227 sit
692 1173 774 1227 ante
797 1161 976 1227 meridiem
1000 1160 1057 1226 vel
1080 1172 1170 1248 post,
1182 1161 1274 1227 idest
1296 1184 1317 1227 a
1340 1161 1561 1228 medianocte
1585 1161 1641 1226 vel
1664 1160 1757 1227 ultra
1780 1161 1837 1226 vel
1859 1160 1949 1226 citra

95 1265 131 1330 in
154 1263 477 1350 Montepessulano,
499 1264 582 1330 vide
605 1263 684 1351 quis
705 1262 925 1329 luminarium
948 1274 1170 1350 processerat
1192 1264 1283 1351 plus.
1306 1262 1400 1329 Nam
1423 1264 1451 1328 si
1473 1264 1558 1328 solis
1581 1264 1648 1329 erit
1670 1262 1869 1329 coniunctio
1892 1264 1948 1327 vel

96 1367 270 1454 oppositio
293 1379 373 1453 post
395 1367 577 1433 meridiem
600 1386 712 1452 usque
736 1365 784 1431 ad
807 1365 957 1432 mediam
981 1376 1131 1445 noctem,
1146 1366 1175 1432 si
1194 1377 1312 1432 autem
1335 1366 1440 1433 lunae
1464 1365 1528 1430 erit
1551 1376 1632 1431 ante
1654 1364 1835 1431 meridiem
1858 1364 1948 1430 ultra

98 1469 249 1534 mediam
273 1482 422 1536 noctem.
446 1467 606 1546 Quodsi
629 1466 764 1533 numeri
787 1476 869 1534 sunt
891 1466 1060 1555 aequales
1083 1466 1149 1535 erit
1169 1462 1204 1532 in
1228 1464 1373 1532 meridie
1396 1466 1433 1531 in
1455 1462 1780 1553 Montepessulano.

204 1744 309 1880 Qui
344 1746 466 1852 scire
501 1742 617 1852 velit
651 1768 850 1884 tempus
885 1745 1235 1853 coniunctionis
1272 1743 1383 1850 solis
1420 1763 1468 1849 et
1507 1738 1652 1850 lunae
1694 1743 1819 1850 idest
1865 1780 1949 1848 no·

98 1915 336 2020 vilunium
372 1916 462 2020 tria
497 1917 734 2024 adnotare
770 1916 954 2021 debet:

275 2097 310 2186 1⁰
348 2082 467 2218 Quo
504 2083 586 2191 die
617 2083 757 2190 solari
781 2085 832 2188 in
858 2083 955 2190 fine
981 2082 1163 2190 mensis
1189 2082 1368 2187 lunaris
1393 2082 1443 2187 in
1468 2081 1645 2186 tabulis
1670 2081 1949 2217 argumenti
2021 2134 2027 2146 ·

99 2252 242 2357 lunae
266 2252 390 2356 illius
410 2252 538 2371 anni,
562 2292 716 2392 quem
741 2253 966 2373 volueris,
991 2253 1180 2357 minuta
1202 2249 1579 2389 proportionalia
1599 2249 1694 2354 sint
1717 2282 1750 2347 o
1774 2249 1852 2356 vel
1878 2281 1946 2382 59.
2007 2228 2010 2233 ⁵

98 2418 154 2523 In
174 2420 285 2525 'hoc
322 2419 402 2527 die
440 2420 573 2526 enim
610 2442 685 2526 est
720 2419 997 2525 coniunctio
1034 2419 1364 2525 luminarium.

277 2600 321 2690 2⁰
357 2583 463 2721 Qui
499 2588 558 2693 sit
594 2587 732 2694 locus
767 2576 878 2693 solis
906 2610 955 2696 et
985 2589 1132 2695 lunae
1157 2588 1236 2693 illa
1259 2588 1355 2705 die,
1385 2623 1513 2725 quae
1537 2581 1811 2691 differentia
1835 2620 1952 2720 quo

100 2792 198 2891 que
235 2755 359 2859 inter
394 2757 496 2861 duo
533 2757 667 2862 loca:
698 2758 879 2862 namsi
905 2757 1029 2864 haec
1056 2776 1130 2864 est
1153 2741 1422 2895 plusquam
1446 2788 1470 2881 7
1495 2754 1635 2891 grad.
1663 2775 1713 2860 et
1739 2789 1807 2884 40
1833 2752 1958 2885 min,

100 2921 375 3028 coniunctio
411 2945 497 3029 aut
531 2923 663 3031 cadit
697 2924 748 3029 in
784 2925 864 3031 die
901 2924 1217 3062 praecedenti
1252 2944 1338 3030 aut
1372 2921 1708 3062 subsequenti.

277 3105 318 3216 3⁰
354 3089 537 3199 Utrum
571 3094 644 3198 sol
685 3113 770 3200 aut
813 3093 930 3199 luna
972 3095 1085 3231 plus
1129 3092 1433 3230 processerit,
1471 3091 1674 3228 quando
1712 3089 1845 3195 enim
1881 3089 1953 3196 sol

100 3257 349 3394 praecedit
385 3261 566 3380 lunam,
595 3261 876 3368 coniunctio
902 3261 992 3368 erit
1016 3283 1147 3389 ante!
1169 3261 1440 3379 meridiem,
1474 3259 1513 3363 si
1545 3259 1662 3363 luna
1685 3258 1949 3395 praecedit,

101 3426 189 3531 erit
213 3449 325 3563 post
350 3429 623 3535 meridiem.
661 3429 811 3535 Luna
845 3430 979 3535 enim
1014 3430 1227 3535 velocior
1264 3448 1338 3534 est
1374 3427 1476 3534 sole
1512 3446 1562 3534 et
1597 3425 1804 3563 proinde
1838 3447 1953 3532 ante

100 3595 492 3703 coniunctionem
529 3599 779 3745 praecedit
815 3600 1001 3719 solem;
1039 3618 1212 3736 postea
1247 3635 1365 3701 vero
1408 3596 1545 3700 illum
1585 3594 1831 3733 sequitur;
1868 3633 1953 3698 nu·

100 3764 221 3869 meri
257 3786 426 3872 autem
452 3765 502 3870 in
538 3766 796 3873 almanach
832 3765 1099 3903 respiciunt
1129 3763 1304 3870 horam
1342 3760 1561 3869 meridiei
1597 3756 1953 3900 Montispessu·
2024 3745 2026 3750 ⁵

10 3928 12 3935 ’
101 3928 209 4038 lani.
247 3931 300 4037 Si
337 3933 458 4039 scire
495 3933 703 4039 velimus
739 3933 1099 4072 oppositionem
1135 3931 1461 4051 luminarium,
1492 3931 1718 4037 videlieet
1753 3930 1953 4068 plenilu-

98 4099 249 4218 nium,
278 4099 400 4207 haec
425 4101 532 4238 ipsa
557 4102 771 4209 similiter
794 4102 1014 4208 invenire
1038 4102 1306 4221 debemus;
1334 4121 1384 4205 at
1409 4098 1514 4205 dies
1536 4138 1709 4236 oppos,
1749 4119 1823 4206 est
1847 4100 1953 4205 dies

100 4306 151 4398 14
176 4269 313 4393 vel15
338 4269 520 4376 mensis
538 4269 732 4377 lunaris,
759 4269 899 4377 Loca
918 4290 1086 4386 autem
1111 4268 1223 4376 solis
1242 4290 1290 4375 et
1315 4270 1461 4375 lunae
1487 4264 1718 4375 differunt
1736 4273 1765 4368 6
1785 4266 1949 4403 signia,

100 4437 188 4540 sed
224 4437 275 4540 in
309 4438 547 4572 gradibus
583 4476 683 4542 non
719 4439 985 4577 plusquam
1019 4471 1043 4564 7
1080 4459 1128 4544 et
1165 4475 1247 4570 40,
1287 4458 1341 4541 ut
1377 4436 1564 4542 dictum
1601 4456 1674 4542 est
1709 4434 1949 4573 superius.

211 4759 298 4848 Peg.
323 4760 353 4840 5,
377 4759 438 4827 lin.
460 4765 512 4829 18.
536 4760 573 4828 Si
597 4774 713 4829 autem
736 4763 788 4829 vis
803 4764 895 4829 scire
910 4784 974 4850 per
989 4775 1077 4851 quot
1089 4762 1195 4830 horas
1217 4761 1282 4830 erit
1304 4759 1465 4849 predicta
1488 4757 1662 4849 oppositio
1677 4758 1736 4828 vel
1758 4757 1955 4828 coniunctio

101 4871 181 4926 ante
204 4860 260 4926 vel
284 4872 364 4947 post
380 4861 562 4931 meridiem
584 4862 674 4931 intra
697 4884 762 4950 per
784 4864 921 4953 signum
944 4876 981 4932 et
1003 4866 1153 4955 gradum
1177 4864 1334 4931 tabulam
1350 4864 1549 4952 argumenti
1571 4860 1676 4930 lunae
1692 4873 1728 4931 et
1742 4880 1807 4950 per
1821 4874 1954 4930 motum

101 4961 181 5028 solis
204 4964 360 5031 tabulam
390 4976 505 5032 motus
534 4966 616 5033 solis
639 4976 675 5032 et
697 4966 801 5034 lunae
833 4967 869 5031 in
892 4988 961 5031 una
991 4967 1081 5034 hora
1102 4964 1311 5052 accipiendo
1333 4964 1422 5031 illud
1446 4962 1543 5052 quod
1564 4961 1736 5031 inveneris
1757 4959 1793 5029 iu
1816 4960 1954 5030 directo

101 5085 221 5132 eorum
237 5066 293 5131 vel
308 5067 592 5156 propinquiorem
608 5089 801 5149 numerum,
817 5069 988 5135 minorum
1004 5079 1120 5135 tamen
1136 5087 1191 5147 eo,
1215 5067 1335 5133 dando
1350 5067 1382 5134 ei
1398 5064 1709 5153 proportionaliter
1727 5065 1771 5132 de
1787 5062 1955 5154 gradibus

102 5166 239 5232 minutis
259 5179 293 5232 et
316 5169 480 5235 secundis
503 5169 875 5257 corrrespondeutibus
891 5169 923 5235 ei
939 5169 1131 5234 secundum
1147 5168 1354 5235 divisionem
1369 5168 1547 5234 feriarum.
1562 5167 1699 5235 Deinde
1714 5162 1838 5253 accipe
1852 5162 1957 5232 diffe-

101 5269 250 5334 rentiam
267 5290 428 5337 excessus
444 5273 549 5337 lunae
565 5272 611 5338 ad
627 5271 739 5339 solem
755 5293 847 5359 quae
863 5281 1011 5338 vocatur
1025 5270 1111 5337 buth
1125 5270 1215 5335 idest
1231 5270 1433 5336 differentia
1445 5268 1652 5336 velocitatis.
1667 5268 1764 5334 Intra
1777 5287 1861 5356 ergo
1877 5288 1956 5335 cum

101 5371 167 5438 isto
189 5371 277 5438 buth
299 5370 457 5439 tabulam
473 5373 698 5441 differentiae
715 5394 878 5441 excessus
893 5386 929 5440 et
944 5394 1076 5462 quaere
1092 5374 1127 5439 in
1142 5373 1256 5460 prima
1278 5371 1373 5438 linea
1392 5373 1431 5437 13
1447 5372 1612 5438 horarum
1627 5392 1807 5438 numerum
1823 5370 1855 5436 ei
1873 5390 1955 5436 con·

101 5472 245 5538 similem
269 5473 326 5540 vel
342 5475 372 5539 ei
389 5474 674 5562 propinquiorem
690 5486 725 5541 et
740 5496 869 5563 quaere
891 5476 926 5540 in
951 5474 1087 5544 directo
1102 5475 1175 5542 eius
1190 5471 1406 5541 consimilem
1422 5473 1527 5542 etiam
1542 5494 1722 5541 numerum
1738 5470 1956 5540 differentiae

101 5575 191 5641 inter
214 5576 398 5642 luminaria
420 5577 601 5645 inventum
625 5599 730 5665 quem
751 5579 781 5644 si
803 5577 990 5657 inveneris,
1006 5590 1090 5645 tunc
1111 5587 1214 5643 erunt
1236 5586 1288 5643 tot
1310 5575 1529 5662 horaequot
1551 5573 1713 5643 invenisti
1737 5573 1956 5661 suprascrip·

103 5689 166 5743 tas.
189 5675 227 5743 Si
251 5691 367 5744 autem
390 5699 460 5743 non
483 5679 656 5746 inveneris
675 5678 824 5745 similem
848 5699 982 5767 quaere
1004 5680 1039 5744 in
1063 5679 1199 5745 directo
1223 5677 1311 5744 buth
1334 5679 1618 5767 propinquiorem
1634 5676 1854 5745 differentiae
1868 5675 1955 5744 buth

101 5799 144 5844 eo
167 5790 285 5844 tamen
308 5779 477 5846 minorem
501 5792 537 5847 et
559 5781 617 5846 lac
641 5781 942 5865 comparationem
964 5781 1012 5849 ibi
1040 5783 1262 5849 inventorum
1285 5780 1333 5848 ad
1356 5778 1487 5846 minuta
1510 5778 1608 5860 burh,
1632 5798 1725 5868 quae
1748 5779 1777 5844 si
1799 5791 1880 5845 sunt
1903 5790 1956 5846 tot

102 5880 160 5946 lac
184 5900 228 5948 ex
250 5881 299 5949 eis
322 5882 445 5948 horam
469 5903 549 5949 nam
571 5903 712 5970 semper
735 5883 823 5950 buth
845 5895 899 5949 est
920 5885 1020 5952 hora.
1041 5882 1081 5951 Si
1103 5893 1222 5950 autem
1245 5893 1298 5948 est
1320 5903 1403 5969 pars
1426 5882 1499 5950 eius
1514 5882 1630 5951 media
1645 5884 1711 5950 erit
1726 5881 1840 5949 media
1856 5881 1956 5961 hora,

101 5982 130 6047 si
160 5984 314 6051 secunda
344 5985 513 6063 secunda,
538 5982 569 6050 si
600 5984 702 6050 tertia
727 5984 831 6053 tertia
853 5985 962 6053 etsie
986 5984 1031 6054 de
1055 5984 1153 6052 aliis:
1177 5996 1212 6052 et
1234 5982 1381 6053 habebis
1404 5984 1525 6052 horam
1554 5997 1590 6052 et
1620 5995 1756 6071 partem
1779 5984 1887 6051 horse
1911 5982 1956 6053 ed

102 6086 381 6153 coniunctionem
405 6087 462 6152 vel
484 6088 760 6173 preventionem.

870 6310 919 6384 eo
951 6291 1190 6411 xxvllse
