4764 7176
313 605 349 672 Si
381 618 496 671 autem
527 606 578 671 vis
607 607 842 671 scireutrum
870 605 1067 673 coniunctio
1092 606 1148 673 veI
1171 604 1356 690 proventio
1379 606 1424 670 sit
1456 605 1500 670 de
1524 604 1583 670 die
1606 604 1664 672 vel
1687 605 1731 670 de
1757 610 1880 668 nocte
1906 595 2007 664 scias
2025 617 2076 683 per

124 696 148 767 ζ
203 708 337 795 signum
361 719 396 773 et
418 708 567 796 gradum
589 708 672 773 solis
696 706 800 774 horas
824 707 1020 774 medietatis
1048 708 1141 774 illius
1163 707 1233 773 diei
1259 729 1346 795 quas
1369 695 1527 795 invenies
1550 705 1750 774 indirecto
1776 700 1944 770 tabulae
1977 710 2075 766 motus

202 812 284 876 solis
298 810 333 875 in
348 833 416 877 una
432 811 530 890 hora,
546 832 637 897 quae
654 809 682 874 si
699 809 828 877 fuerint
850 810 971 897 plures
996 833 1100 899 quam
1125 811 1232 877 borae
1256 810 1420 877 inventae
1443 810 1478 874 in
1501 808 1621 877 tabula
1645 780 1891 876 diberentiae
1917 823 2075 871 excessus

203 912 300 993 buth,
323 924 405 979 tunc
422 913 487 979 erit
502 912 699 978 coniunctio
723 911 781 979 vel
803 913 986 998 preventio
1010 914 1053 979 de
1078 912 1151 978 die:
1175 913 1204 978 si
1228 924 1346 979 autem
1362 912 1429 978 sint
1445 912 1630 999 panciores
1645 912 1822 980 subtrahe
1842 928 1912 974 eas
1930 906 1980 973 ab
1995 907 2073 973 horis

203 1014 296 1100 prius
319 1014 469 1080 inventis
492 1029 526 1079 et
550 1015 645 1101 quod
667 1014 863 1081 remanebit
885 1010 987 1080 erunt
1008 1015 1117 1081 horae
1139 1013 1393 1081 coniunctionis
1417 1015 1477 1081 vel
1498 1013 1729 1099 oppositionis
1749 1023 1844 1078 ante
1864 1020 1992 1077 ortum
2006 1009 2073 1075 solis

201 1116 375 1183 sciliceta
391 1117 505 1183 media
520 1128 623 1183 nocte
647 1127 681 1181 et
704 1115 795 1182 ultra
818 1115 877 1182 vel
900 1126 980 1202 post
1002 1136 1167 1183 occasum
1191 1130 1302 1203 usque
1325 1115 1372 1182 ad
1395 1115 1548 1182 mediam
1571 1125 1720 1182 noctem.
1745 1114 1781 1181 A
1807 1108 1977 1180 meridie
1998 1113 2071 1177 enin
2109 1159 2111 1167 ,

139 1296 142 1300 .
202 1238 312 1304 usque
336 1219 383 1285 ad
406 1219 557 1284 mediam
580 1229 722 1285 noctem
736 1239 874 1304 semper
890 1230 970 1284 sunt
990 1220 1028 1284 12
1043 1219 1153 1285 horae
1169 1228 1204 1284 et
1220 1219 1367 1284 totidem
1384 1217 1787 1303 amedianocteusque
1806 1216 1862 1284 ad
1882 1213 2071 1283 meridien.
2109 1238 2111 1313 4

205 1397 209 1407 ’
306 1416 507 1553 Regula
549 1416 861 1554 praecedenti
906 1417 1151 1524 invenitur
1194 1438 1387 1521 tantum
1430 1417 1536 1522 dies
1573 1416 1842 1555 opposit.¹²¹⁵
1887 1414 1980 1539 vel
2011 1455 2070 1520 co
2108 1387 2111 1513 I

200 1584 411 1692 niuncr.¹³
448 1584 559 1689 solis
597 1604 645 1690 et
681 1585 849 1706 Iunae;
889 1606 939 1690 at
976 1585 1015 1689 si
1051 1585 1225 1690 horam
1269 1584 1507 1722 placuerit
1543 1585 1666 1694 scire
1702 1585 1809 1691 sive
1862 1584 1932 1690 sit
1971 1605 2069 1688 ante

202 1754 279 1860 vel
315 1776 426 1891 post
462 1754 719 1859 meridiem
755 1753 851 1859 diei
887 1751 1011 1858 illius
1046 1754 1144 1859 iam
1179 1753 1376 1872 inventi,
1407 1753 1753 1891 conspicienda
1786 1775 1874 1861 est
1910 1752 2071 1858 tabula
2109 1852 2111 1877 ,

203 1961 373 2027 cursus
409 1923 553 2027 lunae
591 1943 639 2028 et
675 1920 786 2026 solis
826 1921 876 2025 in
917 1938 1023 2027 ‘una
1058 1921 1193 2028 hora.
1243 1919 1437 2059 Cursus
1482 1923 1628 2028 lunae
1674 1921 1945 2029 invenitur
1995 1880 2111 2059 peri

167 2226 170 2230 Δ
202 2111 552 2227 argumentum
587 2090 731 2195 lunae
767 2088 1064 2229 aequatum:
1101 2129 1272 2195 cursus
1315 2072 1484 2196 autem
1527 2090 1639 2195 solis
1680 2090 1950 2197 invenitur
1989 2129 2068 2228 per

202 2260 385 2363 verum
427 2258 592 2362 Iocum
626 2244 765 2362 solis,
804 2257 1005 2364 Horum
1040 2258 1352 2366 velocitatum
1389 2258 1500 2365 solis
1545 2279 1593 2364 et
1628 2259 1774 2366 lunae
1831 2257 1896 2363 fit
1952 2256 2071 2364 difie

202 2425 369 2544 sentia,
398 2464 527 2561 quae
552 2425 831 2529 nominatur
867 2467 989 2532 voce
1026 2426 1255 2534 hebraica
1291 2427 1433 2531 buth.
1469 2424 1552 2531 Ex
1584 2427 1753 2559 tabula
1777 2467 1912 2534 vero
1958 2425 2071 2531 buth

203 2595 324 2700 scire
361 2633 565 2731 possum
600 2614 751 2732 quota
785 2594 906 2699 hora
950 2594 1193 2732 oppositio
1238 2596 1318 2701 veI
1368 2594 1643 2701 coniunctio
1692 2595 1781 2701 erit
1821 2616 1955 2702 ante
2006 2597 2071 2700 veI

202 2784 313 2900 post
349 2761 618 2868 meridiem.
658 2762 713 2866 In
750 2763 916 2868 tabula
951 2763 1214 2869 velocitatis
1256 2763 1477 2870 horariae
1515 2763 1628 2870 solis
1663 2763 1888 2870 habetur
1933 2764 2071 2870 etiam

202 2932 251 3036 in
287 2931 470 3037 directo
507 2931 608 3036 veri
651 2972 821 3037 cursus
858 2932 970 3037 soIis
1004 2932 1241 3038 horarum
1277 2972 1514 3039 numerus
1564 2932 1846 3039 medietatis
1886 2932 1998 3040 diei
2031 2932 2069 3036 in

202 3099 392 3206 cIimate
428 3096 875 3238 Montispessulani,
911 3102 1111 3239 quade
1149 3140 1213 3220 re,
1250 3102 1288 3206 si
1324 3101 1403 3206 hic
1432 3141 1670 3208 numerus
1694 3099 1859 3205 maior
1886 3100 1960 3205 sit
1996 3140 2068 3204 nu·

202 3309 339 3374 mero
376 3267 607 3373 horarum
641 3269 963 3388 inventarum,
991 3310 1164 3407 oppos,
1192 3270 1270 3375 veI
1296 3268 1572 3376 comunctio
1598 3269 1687 3374 erit
1712 3269 1777 3374 de
1808 3268 1919 3389 die,
1964 3268 2068 3375 alirn

201 3459 370 3545 autem
406 3436 494 3543 erit
529 3437 593 3542 de
629 3458 786 3542 nocte.

312 3732 401 3821 Peg.
424 3733 456 3812 5,
478 3733 538 3800 ltin
559 3753 616 3820 39.
640 3733 677 3800 Si
701 3745 817 3800 autem
842 3734 929 3800 velis
950 3734 1042 3800 scire
1066 3736 1182 3802 Iocum
1206 3735 1277 3801 eius
1300 3736 1434 3820 (lunae)
1449 3735 1485 3799 in
1500 3735 1647 3800 zodiaco
1663 3733 1697 3798 in
1713 3733 1824 3823 signis
1841 3734 2028 3823 gradibus
2041 3744 2067 3796 et

204 3834 341 3899 minutis
357 3846 515 3920 tempore
530 3836 783 3903 coniunctionis
797 3837 855 3903 vel
870 3836 1098 3923 oppositionis
1111 3838 1232 3924 accipe
1249 3837 1487 3904 differentiam
1499 3856 1664 3903 excessus
1677 3834 1824 3901 alterius
1843 3834 2067 3901 luminarium

205 3935 251 4001 ad
274 3938 423 4002 alterum
438 3940 472 4003 in
495 3939 733 4006 coniunctione
758 3940 898 4026 quidem
921 3940 956 4004 in
978 3939 1097 4027 signis,
1118 3939 1298 4030 gradibus,
1321 3950 1356 4004 et
1378 3939 1519 4029 minutis
1542 3950 1577 4003 et
1598 3937 1773 4015 secundis,
1789 3936 1829 4000 in
1845 3938 2067 4023 oppositione

204 4058 287 4104 vero
303 4048 437 4105 tantum
453 4040 496 4104 in
518 4040 686 4128 gradibus
709 4041 847 4107 minutis
871 4053 906 4106 et
921 4042 1095 4108 secundis.
1119 4041 1211 4106 Nam
1226 4042 1261 4106 in
1277 4042 1495 4129 oppositione
1511 4060 1652 4127 semper
1668 4050 1810 4124 oportet
1828 4059 1918 4106 esse
1945 4040 2066 4106 disten·

204 4142 287 4207 tiam
309 4142 399 4207 inter
421 4143 603 4209 luminaria
626 4165 690 4231 per
714 4143 731 4215 7
755 4145 888 4232 gradus
912 4144 959 4210 ita
983 4156 1099 4210 tamen
1116 4144 1212 4231 quod
1227 4144 1263 4209 in
1279 4143 1521 4210 coniunctione
1545 4144 1601 4210 vel
1623 4140 1850 4229 oppositione
1866 4162 1949 4208 non
1965 4143 2011 4209 sit
2025 4139 2066 4207 di

204 4243 336 4309 stancia
359 4245 470 4311 maior
495 4247 511 4316 7
536 4247 709 4335 graduum
733 4246 814 4333 quia
829 4258 912 4313 tunc
928 4267 997 4311 non
1018 4257 1138 4332 posset
1152 4267 1229 4311 esse
1246 4245 1442 4311 coniunctio
1458 4245 1517 4311 vel
1534 4243 1716 4330 preventio
1731 4241 1791 4306 illa
1809 4241 1872 4309 die
1891 4244 1967 4309 sed
1981 4242 2065 4309 sisoi

204 4345 281 4431 plus
298 4348 530 4432 praecesserit
553 4348 619 4414 erit
641 4347 766 4414 futura.
788 4347 826 4414 Si
841 4349 923 4413 luna
938 4347 1007 4413 iam
1023 4347 1203 4434 praeteriit
1218 4367 1282 4433 per
1297 4368 1404 4412 unam
1419 4346 1512 4412 diem
1527 4344 1642 4413 scribe
1658 4364 1743 4434 ergo
1759 4342 2016 4412 differentiam
2028 4345 2066 4410 ad

204 4458 342 4533 partem
357 4449 595 4517 subtrahendo
619 4463 729 4518 totum
745 4451 913 4516 minorem
929 4473 951 4515 a
974 4462 1048 4516 toto
1070 4448 1191 4515 maiori
1215 4460 1249 4513 et
1265 4448 1358 4535 quod
1376 4447 1568 4515 remanebit
1583 4445 1650 4513 erit
1666 4445 1874 4511 differentia
1893 4458 1937 4511 et
1953 4445 2066 4532 accipe

203 4549 398 4616 huiusmodi
415 4549 630 4619 differentiae
646 4563 782 4638 partem
802 4554 874 4618 12⁸m
890 4574 995 4638 quam
1009 4550 1199 4618 subscribis
1216 4551 1301 4616 locis
1316 4549 1546 4614 luminarium.
1563 4546 1701 4615 Deinde
1719 4544 1849 4632 accipe
1865 4546 1984 4615 istam
1998 4569 2067 4636 par·
2109 4572 2111 4585 ¹

206 4663 276 4716 tem
303 4652 381 4716 12⁰³
403 4653 504 4720 simul
528 4653 685 4722 additam
710 4675 788 4720 cum
813 4654 1014 4720 differentia
1037 4675 1144 4740 quam
1166 4650 1365 4720 subscribes
1389 4651 1481 4736 parti
1500 4652 1551 4716 12.
1573 4650 1619 4716 Et
1641 4662 1723 4734 post
1746 4647 1834 4715 vide
1861 4651 1953 4736 quis
1978 4651 2065 4719 lumi·

207 4753 341 4820 narium
362 4754 442 4841 plus
466 4758 705 4840 praecesserit,
728 4757 861 4823 namsi
883 4757 967 4822 luna
990 4756 1068 4842 plus
1090 4754 1285 4843 praecessit
1308 4775 1414 4841 quam
1437 4753 1490 4818 sol
1515 4751 1685 4818 subtrahe
1713 4749 1970 4821 differentiam
1999 4775 2066 4822 curn

211 4858 248 4919 12
273 4877 295 4924 a
316 4855 395 4924 loco
418 4858 522 4924 lunae
545 4870 581 4924 et
606 4860 645 4924 12
669 4870 803 4924 tautum
827 4881 848 4923 a
870 4859 950 4924 loco
972 4857 1054 4922 solis
1078 4869 1113 4922 et
1136 4854 1232 4944 quod
1252 4855 1457 4923 remanserit
1476 4866 1557 4941 post
1579 4852 1862 4920 subtractionem
1887 4857 1955 4922 vel
1979 4856 2066 4924 addi·

205 4957 332 5023 tionem
355 4959 575 5043 praedictam
597 4962 662 5026 erit
685 4981 787 5026 verus
810 4959 910 5027 locus
933 4960 1185 5026 coniunctionis
1207 4958 1263 5024 vel
1287 4956 1547 5044 praeventionis
1566 4956 1662 5044 quod
1677 4966 1777 5041 patet
1792 4976 1865 5040 per
1888 4957 2067 5026 uniformi·

206 5069 313 5126 tatem
339 5062 510 5149 graduum
535 5061 740 5128 minutorum
763 5063 995 5128 secundorum
1019 5072 1054 5128 et
1076 5061 1256 5148 signorum
1278 5060 1313 5125 in
1335 5059 1592 5140 coniunctIone,
1616 5078 1680 5145 per
1703 5057 1924 5127 distantiam
1950 5060 2066 5129 veroi

205 5160 240 5227 in
263 5163 492 5249 oppositione.
1970 5190 1974 5195 ·

311 5398 482 5542 Usque
518 5441 649 5507 nunc
685 5424 1036 5541 argumentum
1072 5422 1267 5506 tantum
1310 5422 1359 5505 et
1403 5440 1604 5507 cursum
1646 5399 1883 5508 medium
1932 5407 2069 5513 Iunae

206 5568 387 5674 scimus
418 5569 469 5673 in
500 5608 673 5707 oppos,
708 5572 787 5676 veI
819 5570 1056 5676 coniunct.
1090 5567 1425 5690 luminarium;
1459 5588 1653 5707 oportet
1677 5605 1808 5703 'ergo
1845 5571 2071 5683 invenire

205 5738 369 5843 Iocum
405 5777 580 5843 verum
617 5738 760 5844 lunae
796 5738 846 5842 in
882 5738 1096 5844 zodiaco,
1449 5712 1454 5721 ’

311 5905 563 6044 Aequatio
598 5905 876 6042 argumenti
913 5906 1059 6011 lunae
1095 5904 1146 6008 in
1183 5904 1522 6010 comunctione
1556 5926 1628 6009 est
1658 5938 1782 6040 7gr.
1813 5949 1895 6041 40
1924 5916 2071 6023 min

204 6073 511 6211 oppositione
547 6093 666 6180 vero
703 6112 761 6197 03
801 6114 960 6211 quum
999 6112 1120 6210 ergo
1155 6062 1507 6210 argumentum
1558 6073 1704 6178 lunae
1752 6071 1804 6177 in
1863 6084 1977 6190 tab.
2021 6082 2071 6188 sit

960 6344 1009 6418 ie
1042 6323 1219 6412 XXVIII
1251 6339 1300 6411 ab
