4710 7222
296 542 353 662 10
390 545 574 664 ratione
610 557 723 662 anni
749 590 861 684 1300
888 542 1170 662 adhibenda
1197 577 1270 658 est
1295 541 1463 658 tabula
1488 568 1542 679 3³,
1571 594 1732 691 usque
1766 556 1831 660 ad
1859 589 1923 684 29
1948 553 2040 661 Fe·

189 727 370 831 bruarii
408 750 456 833 et
502 726 668 831 tabula
704 738 754 857 4⁸
791 708 1051 863 usquead
1101 722 1236 828 diem
1272 722 1500 828 ultimum
1536 723 1842 828 Decembris.
1894 724 2041 830 Vete-

190 896 325 1000 ribus
360 895 651 1001 astronomis
689 936 805 1000 cum
840 893 1127 999 Ptolomaeo
1164 914 1291 1000 terra
1327 891 1417 997 sita
1454 914 1557 998 erat
1581 894 1631 997 in
1655 905 1822 999 centro
1851 895 2037 1012 mundi,

190 1065 431 1202 putabant
478 1063 610 1170 enim
646 1064 801 1168 solem
837 1060 939 1198 (fig.
960 1063 1023 1197 ,51
1056 1061 1243 1167 moveri
1269 1102 1419 1200 super
1444 1061 1681 1168 circulum
1715 1062 2042 1188 eccentricum

189 1234 340 1338 modo
364 1230 812 1371 appropinquando
848 1230 921 1360 (in
958 1266 1087 1364 auge
1123 1227 1256 1367 ΡΩ)
1292 1231 1357 1335 ad
1394 1229 1664 1346 zodiacum,
1687 1225 1838 1332 modo
1859 1229 1923 1334 ab
1959 1230 2039 1335 illo

187 1401 469 1506 recedendo
505 1400 579 1527 (in
604 1413 793 1532 puncto
819 1373 1036 1531 opposito
1067 1397 1196 1528 EF)
1222 1439 1313 1536 per
1338 1399 1638 1535 peculiarem
1674 1419 1866 1528 motum
1891 1399 2042 1536 ipsius

188 1570 371 1674 zodiaci
417 1568 598 1712 scilicet
633 1579 696 1672 8⁸⁶
732 1567 956 1706 spherae.
996 1567 1171 1674 Motus
1196 1589 1365 1674 autem
1390 1568 1531 1703 augis
1557 1587 1605 1671 et
1631 1588 1809 1672 motus
1829 1567 1940 1672 solis
1977 1568 2041 1671 di·

187 1734 541 1841 versificantur.
580 1735 797 1855 Praeter,
819 1735 910 1841 hos
948 1737 1075 1845 duos
1112 1757 1276 1841 motus
1324 1735 1583 1872 perplures
1628 1734 1892 1838 astronomi
1944 1734 2042 1839 iam

186 1903 498 2041 temporibus
529 1902 734 2009 Profacii
771 1902 1093 2024 affirmabant,
1129 1904 1266 2010 iuxta
1294 1902 1539 2008 doctrinas
1567 1901 1790 2006 Thebith
1827 1901 2042 2006 Brucho·

187 2091 262 2175 rat
298 2071 457 2208 capita
492 2071 650 2176 arietis
677 2094 724 2177 et
749 2073 901 2178 librae
938 2065 1124 2178 moveri
1150 2111 1301 2209 super
1335 2073 1461 2180 duos
1498 2071 1702 2177 circulos
1738 2069 1839 2206 (fig.
1879 2073 1938 2199 6),
1977 2071 2043 2175 ita

185 2262 243 2343 ut
281 2238 508 2343 zodiacus
543 2239 694 2344 modo
729 2242 1024 2378 procederet
1058 2239 1122 2344 ad
1159 2239 1400 2344 orientem
1443 2279 1614 2345 versus
1637 2240 1787 2344 modo
1823 2238 1887 2345 ad
1923 2235 2042 2342 occi·
2100 2310 2107 2320 ι

185 2407 414 2513 dentem:
454 2407 591 2544 quod
640 2447 867 2514 accessus
904 2430 952 2515 et
989 2447 1212 2514 recessus
1249 2418 1312 2511 8⁸⁶
1350 2406 1559 2543 spherae
1595 2405 1921 2544 appellabant.

215 2710 220 2720 ¹
293 2573 443 2679 Nullo
479 2576 587 2681 loco
625 2575 839 2713 loquitur
880 2576 1183 2714 Prophacius
1233 2576 1284 2680 in
1312 2575 1586 2682 canonibus
1609 2574 1710 2678 istis
1741 2575 1807 2679 de
1842 2613 2044 2680 accessu
2092 2713 2096 2720 Ι

186 2763 245 2892 et
263 2782 459 2848 recessu
496 2749 758 2850 8²⁶·s1erae
795 2766 1032 2883 respectu
1061 2747 1125 2850 ad
1151 2783 1355 2851 cursum
1391 2743 1517 2861 solis
1569 2742 1658 2848 etsi
1693 2742 1743 2846 in
1779 2742 2046 2847 canonibus

186 2911 497 3048 planetarum
521 2911 785 3020 adnotetur
821 2907 1094 3019 differentia
1110 2912 1424 3051 aequationis
1451 2911 1500 3014 in
1525 2931 1796 3047 augmento
1823 2910 1942 3016 etin
1976 2909 2044 3014 di·
2189 2914 2191 2917 ’

176 3078 457 3228 'minutione
493 3089 557 3184 8²⁰
607 3079 831 3219 spherae.
882 3078 1207 3187 Manifestum
1244 3101 1318 3186 est
1352 3063 1502 3218 igitur
1554 3079 1690 3218 quod
1727 3078 1959 3191 numeris,
1996 3079 2045 3181 in

183 3269 397 3384 quatuor
427 3247 605 3352 tabulis
629 3288 802 3355 cursus
838 3249 964 3369 50115,
1005 3249 1276 3386 adsignatis
1310 3250 1546 3355 addenda
1581 3248 1660 3353 vel
1711 3247 2045 3352 subtrahenda

191 3436 265 3533 est
307 3414 531 3554 aequatio
569 3455 698 3553 quae
723 3418 774 3522 in
795 3418 967 3524 tabula
991 3456 1106 3556 pag.
1137 3439 1389 3524 extremae
1414 3416 1645 3553 inscripta
1670 3416 1876 3521 videtur.
1918 3412 2045 3519 Coe·

190 3604 365 3701 terum,
392 3584 531 3689 annis
567 3620 679 3710 1300
718 3605 767 3691 et
803 3622 913 3712 1301,
953 3586 1038 3725 qui
1064 3609 1179 3691 sunt
1202 3585 1346 3723 primi
1371 3585 1483 3691 anni
1512 3585 1768 3691 almanach
1796 3583 1917 3689 haec
1943 3623 2044 3688 cor·

189 3753 341 3857 rectio
376 3771 541 3890 potest
577 3752 727 3858 etiam
762 3752 931 3873 omitti,
968 3793 1127 3892 quum
1165 3753 1226 3858 sit
1259 3753 1397 3891 parvi
1437 3752 1688 3859 momenti.

299 4089 386 4179 Peg.
411 4093 443 4158 4.
466 4089 529 4158 lin.
552 4105 610 4172 37.
634 4089 671 4156 Si
696 4101 812 4157 autem
845 4070 1005 4157 medium
1020 4113 1161 4158 cursum
1189 4094 1293 4159 lunae
1320 4092 1412 4158 scire
1444 4093 1596 4159 volueris
1627 4095 1718 4159 intra
1752 4091 1924 4158 tabulam'
1942 4094 2046 4158 medii

149 4272 153 4280 ί
188 4207 302 4261 motus
321 4195 395 4261 eius
410 4217 472 4262 5εο
488 4195 647 4283 aequalis
664 4206 700 4262 et
716 4197 763 4262 ad
779 4196 872 4263 diem
891 4208 928 4265 et
951 4219 1106 4263 mensem
1130 4220 1233 4285 quem
1250 4199 1302 4266 vis
1326 4209 1361 4266 et
1384 4219 1565 4264 numerum
1588 4198 1687 4265 illum
1710 4199 1806 4265 adde
1830 4219 1921 4264 anno
1944 4220 2046 4285 prae·

187 4304 329 4368 cedenti
350 4302 496 4370 invento
517 4304 552 4367 in
576 4302 698 4370 tabula
721 4325 892 4370 annorum
915 4305 1158 4385 collectorum,
1189 4305 1279 4372 sicut
1301 4307 1435 4371 dictum
1458 4322 1512 4374 est
1535 4328 1642 4393 supra
1664 4308 1699 4372 in
1721 4307 1868 4395 prologo
1893 4319 1928 4371 et
1952 4308 2046 4394 quod

187 4411 396 4476 remanserit
417 4411 511 4476 inira
535 4411 580 4476 de
604 4410 713 4501 signis
734 4411 905 4501 gradibus
929 4423 964 4476 et
994 4410 1137 4477 minutis
1167 4412 1233 4479 erit
1264 4411 1399 4477 medius
1424 4424 1538 4477 motus
1562 4412 1638 4477 eius
1660 4411 1819 4497 exceptis
1844 4411 1860 4482 7
1885 4413 1988 4499 grad.
2012 4424 2047 4477 et

188 4520 233 4583 40
258 4517 401 4583 minuta.
425 4515 581 4602 Expleta
604 4528 722 4584 autem
753 4519 865 4605 prima
897 4516 1115 4583 revolutione
1146 4538 1315 4584 annorum
1339 4519 1398 4606 qui
1422 4528 1502 4583 5001
1527 4517 1579 4598 76,
1607 4518 1702 4584 adde
1725 4538 1790 4602 pro
1814 4519 1972 4604 qualibet
1994 4539 2047 4583 se·

188 4626 311 4710 quenti
334 4626 354 4690 3
376 4624 510 4714 gradus
541 4635 576 4690 et
598 4625 666 4692 hoc
690 4626 859 4713 quamdiu
882 4628 949 4693 erit
982 4624 1016 4692 8·
1038 4647 1143 4713 spera
1165 4627 1201 4692 in
1231 4637 1422 4715 augmento
1453 4648 1535 4692 nam
1561 4627 1596 4689 in
1621 4626 1849 4692 diminutione
1881 4626 1953 4692 eius
1977 4646 2046 4690 000

188 4741 330 4815 oportet
352 4731 488 4797 addere
511 4729 576 4796 nisi
600 4753 704 4798 unum
727 4733 887 4822 gradum.

296 5024 414 5130 Post
449 5032 508 5150 76
541 5025 679 5129 annis
715 5025 843 5131 idest
878 5059 1003 5160 27759
1039 5009 1217 5133 diebus
1243 5026 1437 5132 medius
1463 5067 1634 5132 cursus
1660 5027 1805 5134 lunae
1832 5027 2046 5164 complet

189 5199 291 5297 1016
317 5193 466 5300 revol.
491 5192 743 5300 sui'centn'
772 5215 820 5301 et
845 5193 1047 5333 insuper
1071 5195 1211 5331 grad.
1240 5233 1264 5298 z
1290 5194 1408 5300 min.
1437 5190 1585 5320 581o''
1621 5191 1705 5311 18''',
1732 5194 1772 5299 si
1796 5216 2045 5332 computa·

189 5402 304 5466 mus
339 5363 471 5468 med.
500 5401 626 5468 curs,
657 5362 804 5467 unius
838 5361 935 5467 diei
973 5364 1254 5468 secundum
1292 5363 1536 5468 Arzachel
1573 5377 1633 5490 13⁰
1658 5360 1720 5467 10'
1745 5358 1821 5495 34''
1845 5358 1924 5487 56'''
1947 5358 2045 5494 48''''

189 5565 246 5662 45
249 5525 289 5557 '''''
293 5615 302 5635 .
333 5530 405 5660 (ln
424 5530 530 5635 cod.
556 5529 797 5637 Laurent.
825 5570 848 5634 2
875 5533 1025 5637 credo
1050 5532 1177 5636 male
1204 5530 1549 5669 transcriptum
1576 5571 1682 5637 esse
1707 5525 1790 5656 5o'''
1816 5569 1908 5668 pro
1930 5527 2042 5662 56¹¹).

188 5696 439 5803 Prolacius
474 5697 654 5804 indicat
692 5735 715 5825 3
751 5699 937 5834 gradus
963 5699 1236 5836 completos
1261 5695 1462 5835 quando
1478 5708 1535 5813 ,8Ε
1560 5697 1740 5835 sphera
1760 5718 1833 5801 est
1857 5697 1908 5802 in
1931 5737 2046 5834 aug·

188 5885 371 5979 mento,
399 5904 558 5970 unum
584 5887 777 5971 tantum
803 5866 1003 6004 quando
1031 5887 1105 5971 est
1140 5866 1190 5970 in
1212 5863 1565 6014 diminutione,
1588 5886 1706 5971 tunc
1745 5865 1878 5972 enim
1914 5906 2046 5973 revo

188 6032 308 6138 lutio
343 6033 465 6140 coeli
501 6035 740 6152 contraria
777 6056 850 6141 est
886 6035 1040 6140 motui
1078 6035 1237 6140 lunae.
1285 6033 1430 6139 Haec
1475 6054 1641 6138 tamen
1692 6035 1835 6140 valde
1885 6075 2045 6140 crasse

974 6259 1022 6375 3.
1054 6284 1180 6370 xxv
1211 6301 1262 6411 e⁴
