4764 7176
206 579 279 644 dies
301 590 336 644 et
359 591 473 644 motus
495 578 542 644 ibi
565 578 726 642 inventus
741 599 848 663 super
864 581 907 644 29
924 580 1015 645 febr.
1039 590 1075 643 et
1091 598 1198 642 causa
1214 578 1317 643 huius
1334 591 1387 643 est
1414 581 1496 666 quia
1526 581 1712 647 almanach
1736 582 1858 668 incipit
1881 605 1902 648 a
1925 582 2067 651 Marcio

204 695 240 749 et
261 683 342 749 ideo
363 682 562 748 februarius
585 681 644 768 qui
674 693 727 748 est
749 681 784 746 in
806 683 910 748 tertio
933 703 1026 749 anno
1047 683 1083 747 in
1107 682 1291 747 almanach
1316 684 1426 749 estin
1450 684 1485 749 4ο
1508 687 1701 752 secundum
1725 685 1924 753 Ecclesiam
1947 700 1984 753 et
2015 701 2070 754 est

203 787 250 852 ibi
274 787 431 853 bisextus
448 797 485 852 et
499 787 607 851 habet
621 787 664 850 29
681 784 767 850 dies.
791 784 838 850 iit
860 786 928 851 hoc
952 785 1079 850 tamin
1103 785 1255 869 planetis
1278 785 1497 854 inferioribus
1519 811 1625 876 quam
1647 789 1682 856 in
1706 789 1955 876 superioribus.

293 892 364 979 Hijs
387 892 498 969 annis,
522 890 657 956 scilicet
680 891 733 967 59,
758 890 944 975 completis
967 891 1061 955 adde
1085 890 1165 955 loco
1189 890 1332 955 Saturni
1351 892 1502 978 gradum
1529 897 1542 957 1
1570 905 1605 958 et
1628 894 1761 960 minuta
1783 897 1828 959 30
1851 907 1888 963 et
1909 896 2069 962 invenies

204 998 320 1062 locum
336 996 409 1061 eius
433 1006 599 1082 equatum
615 995 662 1059 ad
678 992 766 1060 alios
781 995 824 1059 59
840 1014 951 1059 annos
968 1006 1003 1058 et
1018 994 1113 1059 hunc
1130 994 1273 1060 modum
1286 994 1399 1060 iacies
1414 1015 1480 1080 pro
1496 996 1651 1083 qualibet
1673 1001 1898 1066 reuolucione
1913 1000 2068 1067 Saturni.

292 1100 352 1168 Ad
374 1100 638 1167 rectificandum
660 1097 752 1163 hanc
776 1097 933 1164 tabulam
957 1096 1099 1167 Saturni
1123 1098 1206 1184 quia
1227 1098 1401 1164 invenitur
1416 1100 1607 1187 aliquando
1623 1101 1773 1170 deficere
1789 1105 1880 1169 sicut
1895 1115 1931 1171 et
1947 1105 2069 1172 tabule

200 1207 400 1284 Tolletane,
423 1226 531 1290 supra
554 1224 641 1289 quas
663 1203 731 1268 hoc
755 1201 954 1268 Almanach
984 1201 1163 1280 fundatur,
1195 1202 1289 1267 adde
1314 1201 1458 1269 cuilibet
1481 1204 1561 1270 loco
1583 1204 1723 1271 Saturni
1751 1211 1764 1271 1
1791 1209 1942 1294 gradum
1964 1221 2001 1273 et
2024 1211 2068 1273 24

203 1315 348 1376 minuta.

127 1403 130 1410 ¹
293 1417 383 1482 Item
406 1416 574 1481 subtrahe
596 1425 741 1499 propter
765 1412 972 1478 distanciam
993 1409 1305 1497 Montispessulani
1329 1413 1374 1477 ad
1398 1412 1599 1479 habendum
1621 1415 1725 1479 situm
1749 1415 1902 1500 Neapoli
1926 1435 2000 1481 sec.
2036 1417 2069 1493 3,

207 1534 285 1587 tert.
310 1527 363 1588 40.

292 1626 493 1692 Secundum
516 1622 760 1712 Aliraganum,
782 1622 989 1709 Differentia
1010 1625 1060 1699 14,
1076 1621 1248 1686 Saturnus
1270 1632 1429 1686 movetur
1444 1623 1478 1685 in
1501 1642 1565 1688 suo
1588 1624 1760 1708 epiciculo
1775 1624 1868 1688 omni
1883 1625 1940 1689 die
1963 1636 2066 1689 natu·

205 1732 270 1810 tali
294 1732 338 1796 de
362 1730 518 1816 partibus
541 1730 593 1794 sui
616 1727 718 1814 parui
739 1725 861 1791 circuli
883 1734 930 1790 tir.
955 1725 1008 1795 27.
1033 1724 1079 1788 Et
1102 1735 1259 1789 mouetur
1283 1736 1441 1790 centrum
1466 1727 1639 1812 epyciculi
1662 1728 1697 1792 in
1734 1747 1798 1793 suo
1832 1727 2015 1793 deferente
2049 1732 2069 1790 2

206 1859 252 1901 m.
277 1837 362 1902 fere.

790 2036 833 2126 <i
853 2023 1023 2158 Super
1056 2023 1279 2126 tabulam
1319 2022 1495 2140 Jouz‘s.

207 2254 324 2421 Hijs
349 2255 458 2332 annis,
480 2256 617 2321 scilicet
641 2258 694 2334 83,
706 2256 891 2343 completis
914 2256 1081 2322 subtrahe
1104 2278 1126 2321 a
1150 2260 1230 2325 loco
1252 2280 1315 2326 suo
1339 2262 1382 2324 30
1405 2282 1462 2338 m.,
1488 2270 1523 2324 et
1539 2270 1619 2323 tunc
1642 2256 1796 2321 inuenies
1810 2256 1923 2339 ipsum
1942 2254 2068 2339 Jouem

311 2359 523 2444 adequatum
549 2361 594 2425 ad
618 2359 704 2424 alios
729 2362 770 2424 83
793 2380 914 2425 annos.
947 2360 992 2424 Et
1022 2363 1071 2426 sic
1095 2363 1206 2427 iacies
1237 2383 1300 2448 pro
1332 2363 1486 2450 qualibet
1515 2361 1739 2427 revolucione
1762 2357 1879 2443 ipsius.
1905 2358 2068 2444 Juppiter

205 2485 311 2548 super
334 2484 454 2529 omnes
476 2465 640 2549 planetas
663 2476 716 2530 est
737 2465 919 2530 benivolus
943 2476 978 2529 et
1002 2467 1164 2532 amabilis
1188 2479 1323 2546 natura,
1349 2479 1403 2532 est
1424 2467 1560 2532 calidus
1583 2477 1619 2530 et
1641 2464 1804 2529 humidus
1827 2463 1886 2550 qui
1907 2461 2069 2529 omnibus

205 2567 387 2634 benefacit
410 2579 446 2632 et
469 2567 556 2631 nulli
579 2580 697 2645 nocet3
721 2590 800 2633 cum
832 2581 948 2633 autem
978 2570 1089 2634 estin
1113 2571 1275 2635 domibus
1298 2571 1366 2637 suis
1389 2571 1480 2635 idest
1502 2569 1656 2654 piscibus
1679 2571 1793 2655 prima
1815 2569 1920 2634 domo
1951 2579 1987 2632 et
2010 2589 2070 2632 sa·

203 2674 356 2761 giptario
379 2675 536 2739 secunda
560 2674 664 2738 etiam
691 2673 838 2738 multum
861 2673 1056 2751 benivolus,
1087 2675 1241 2739 maxime
1265 2677 1407 2761 quando
1430 2686 1482 2740 est
1505 2675 1539 2738 in
1562 2674 1727 2758 piscibus.
1757 2673 1920 2759 Juppiter
1942 2692 2069 2738 mense

203 2779 358 2844 secundo
375 2777 613 2861 conceptionis
630 2777 691 2842 dat
706 2789 790 2842 nato
805 2777 964 2861 spiritum
980 2789 1016 2842 et
1032 2777 1201 2855 membra,
1217 2777 1279 2844 dat
1293 2778 1362 2844 suis
1378 2779 1521 2863 pulcras
1538 2789 1630 2843 artes
1646 2790 1681 2843 et
1696 2781 1804 2856 leues,
1820 2790 1858 2843 ut
1874 2789 1927 2843 est
1943 2777 2070 2863 legere

206 2894 240 2947 et
262 2882 419 2947 scribere
442 2903 566 2946 aurum
589 2880 766 2946 cambiare
789 2892 825 2945 et
847 2892 1001 2946 tractare
1024 2880 1171 2966 pulcros
1193 2903 1328 2967 pannos
1345 2894 1380 2947 et
1394 2882 1546 2948 sericum
1567 2882 1731 2946 laborare
1748 2883 1806 2946 uel
1829 2882 1997 2948 vendere.
2021 2879 2071 2944 Et

204 2985 368 3074 quoniam
391 2985 499 3052 habet
515 3007 559 3052 ex
573 2984 750 3051 coloribus
766 3005 932 3050 areneum
948 2985 1155 3069 virdemque
1173 2986 1327 3051 colorem
1345 2997 1380 3050 et
1394 2985 1521 3050 similia
1534 2985 1624 3050 iacit
1637 3006 1718 3051 suos
1735 2984 1836 3053 albos
1852 2984 2072 3052 rubicundos

206 3110 284 3156 esse
306 3089 450 3174 pulcras
471 3100 626 3153 staturas
648 3089 819 3154 habentes
842 3100 878 3154 et
900 3109 1016 3156 mores
1039 3089 1151 3155 bonos
1178 3101 1215 3155 et
1236 3101 1318 3156 sunt
1340 3091 1465 3156 fideles
1488 3101 1524 3155 et
1546 3090 1679 3155 habent
1702 3091 1791 3156 duos
1821 3092 1944 3156 dentes
1968 3101 2073 3156 ante·

205 3199 314 3265 riores
339 3218 484 3286 magnos
507 3210 543 3262 et
565 3199 656 3264 latos
679 3199 828 3284 capillos
851 3200 977 3285 longos
999 3211 1036 3265 et
1059 3198 1208 3265 barbam
1233 3200 1373 3284 plenam
1397 3211 1433 3263 et
1456 3210 1511 3265 est
1532 3198 1611 3264 talia
1634 3196 1738 3262 homo
1766 3195 1962 3261 misericors
1988 3193 2071 3258 dili·

204 3322 292 3388 gens
314 3303 442 3368 bonum
467 3314 502 3367 et
518 3303 705 3368 devastans
729 3304 869 3370 malum.

270 3405 275 3415 ’
293 3406 413 3471 Minue
437 3427 458 3470 a
481 3407 639 3493 quolibet
661 3408 741 3472 loco
763 3405 860 3490 Jouis
888 3410 900 3470 l
927 3428 980 3492 gr.
998 3419 1033 3472 et
1048 3410 1091 3472 40
1115 3429 1177 3483 m.;
1201 3419 1236 3472 et
1252 3427 1317 3491 pro
1333 3407 1504 3473 distansia
1528 3406 1699 3492 Neapolis
1715 3429 1737 3472 a
1751 3404 2069 3490 Montepessulano

205 3530 275 3575 sec.
301 3512 320 3575 9
344 3522 379 3575 et
402 3521 465 3575 ter.
490 3509 521 3577 8.
543 3509 706 3596 Juppiter
730 3521 889 3575 mouetur
912 3511 1003 3575 omni
1029 3511 1086 3575 die
1111 3511 1156 3575 de
1178 3510 1339 3594 partibus
1362 3511 1414 3575 sui
1429 3511 1606 3598 epyciculi
1631 3513 1672 3576 54
1696 3532 1759 3586 m.;
1783 3522 1818 3577 et
1833 3520 1992 3576 centrum
2016 3511 2071 3576 sui

206 3614 381 3702 epyciculi
403 3625 563 3682 mouetur
585 3614 678 3680 omni
701 3614 758 3679 die
781 3614 815 3678 in
836 3634 900 3680 suo
923 3613 1105 3680 deserente
1130 3615 1148 3678 5
1173 3615 1255 3680 min.
1278 3615 1362 3681 fere.

630 3910 802 4043 Super
833 3913 1136 4015 antedictam
1173 3912 1396 4014 tabulam
1435 3911 1634 4014 Μανίὶε.

285 4151 324 4239 ijs
346 4151 444 4217 annis
466 4153 658 4237 completis,
672 4154 766 4220 adde
788 4173 895 4217 unum
917 4171 970 4240 gr.
994 4163 1028 4216 et
1052 4153 1095 4216 40
1117 4152 1200 4216 min.
1223 4172 1329 4237 super
1359 4153 1475 4216 locum
1497 4151 1625 4217 Martis
1648 4162 1683 4216 et
1706 4152 1752 4217 ad
1775 4152 1864 4217 alios
1888 4150 1929 4220 79
1953 4176 2065 4225 annos

280 4280 283 4285 ·
307 4255 420 4341 ipsum
441 4255 597 4320 inuenies
620 4257 835 4341 adequatum
858 4257 964 4321 etsie
986 4255 1095 4321 facies
1118 4275 1184 4340 pro
1207 4254 1364 4342 qualibet
1386 4255 1611 4321 reuolucione
1640 4255 1759 4340 ipsius.

227 4364 230 4368 '
293 4359 339 4424 Et
360 4358 517 4447 intellige
540 4360 636 4446 quod
652 4380 711 4426 eos
727 4360 835 4426 motui
851 4359 993 4425 cmlibet
1008 4360 1159 4426 collecto
1175 4379 1241 4444 per
1260 4361 1299 4424 10
1312 4360 1370 4425 vel
1387 4361 1422 4423 ll
1439 4359 1515 4424 dies
1527 4360 1661 4426 addere
1673 4360 1792 4426 debes.
1816 4362 1916 4428 Mars
1931 4377 1984 4430 est
1996 4370 2063 4435 sub

201 4468 293 4553 Joue
308 4465 453 4550 planeta
468 4466 601 4543 tertius,
617 4465 753 4530 calidus
764 4475 800 4530 et
811 4465 923 4529 siccus
937 4478 974 4530 et
988 4466 1118 4529 multus
1135 4465 1260 4542 malus,
1277 4463 1335 4549 qui
1351 4482 1430 4528 cum
1453 4463 1556 4528 estin
1572 4463 1742 4543 domibus,
1755 4466 1891 4532 scilicet
1905 4468 1941 4532 in
1955 4471 2065 4538 ariete

204 4582 240 4635 et
250 4569 285 4634 in
295 4569 490 4654 scorpione,
502 4569 706 4647 discordias,
718 4570 813 4634 bella
823 4569 1042 4635 incensiones
1060 4580 1095 4633 et
1110 4569 1204 4633 mala
1215 4567 1331 4633 omnia
1342 4578 1519 4651 operatur,
1531 4567 1595 4633 nisi
1610 4568 1683 4633 eius
1700 4567 1835 4633 malitia
1851 4569 1897 4635 ab
1914 4585 2064 4656 aspectu

202 4672 349 4739 alicuius
360 4672 443 4740 boni
457 4673 599 4758 planete
615 4673 803 4749 minuatur3
817 4672 947 4737 malitia
959 4674 1051 4739 enim
1064 4673 1228 4737 minuitur
1239 4671 1320 4736 mali
1333 4683 1369 4736 et
1380 4683 1627 4758 augmentatur
1643 4685 1788 4757 aspectu
1804 4694 1867 4757 per
1881 4686 2065 4743 saturnum

202 4791 242 4844 ut
255 4779 387 4845 dictum
403 4789 468 4856 est,
482 4798 548 4864 per
563 4789 745 4861 aspectum
760 4777 890 4842 malum
905 4776 1095 4862 impeditur
1110 4787 1146 4840 et
1160 4796 1224 4860 per
1239 4775 1370 4841 bonum
1385 4776 1585 4842 adiuvatur.
1608 4774 1708 4840 Mars
1724 4796 1841 4842 mense
1858 4778 1961 4845 tertio
1976 4800 2065 4846 con·

202 4885 374 4971 ceptionis
389 4903 468 4950 ossa
485 4884 650 4968 concepti
665 4892 702 4948 et
715 4881 880 4946 interiora
896 4880 1085 4966 componit.
1112 4879 1158 4944 Et
1180 4880 1347 4966 quoniam
1370 4901 1416 4947 ex
1438 4880 1613 4946 coloribus
1628 4879 1736 4946 habet
1751 4881 1955 4947 rubedinem
1968 4905 2066 4950 mar-

202 4989 303 5055 tiales
318 4988 451 5054 saturni
467 4988 594 5053 coloris
606 4986 785 5054 commixti
796 4997 835 5050 ut
847 4996 929 5051 sunt
939 4985 997 5069 qui
1008 4985 1055 5051 ad
1066 4985 1177 5050 solem
1190 4985 1324 5050 vadunt
1335 4996 1372 5051 et
1385 5004 1497 5073 grana
1511 4984 1622 5050 rubea
1636 4984 1772 5050 habent
1783 4986 1820 5050 in
1830 4987 1917 5052 fatie
1934 4998 1969 5052 et
1980 4989 2065 5055 bar-

202 5094 283 5159 bam
298 5091 485 5177 parvulam
499 5103 569 5156 ut..
583 5090 602 5155 ‚¹
633 5091 668 5156 hi
691 5091 839 5155 maxime
862 5090 994 5156 habent
1016 5108 1145 5174 corpus
1167 5101 1305 5154 curtum
1328 5101 1363 5154 et
1387 5106 1546 5176 grossum
1569 5099 1606 5153 et
1629 5088 1783 5154 vestiunt
1797 5090 1886 5155 inter
1901 5092 2065 5160 homines

202 5195 397 5262 discordias
418 5194 584 5259 sussitant
616 5194 771 5259 zizanias
793 5193 967 5259 seminant
978 5193 1135 5259 homines
1153 5193 1407 5258 dehorrescunt
1431 5191 1526 5257 bella
1549 5203 1584 5256 et
1606 5190 1683 5255 lites
1705 5190 1797 5255 inter
1818 5202 1943 5277 gentes
1965 5210 2066 5257 com·

203 5311 345 5366 mouent
361 5322 369 5364 :
386 5311 466 5364 sunt
488 5298 597 5386 igitur
618 5296 683 5362 feri
705 5309 745 5361 ut
767 5297 854 5363 fabri
878 5297 954 5362 coci
976 5296 1167 5362 macellarii
1191 5297 1352 5362 crudeles
1376 5294 1556 5382 sanguinis
1571 5295 1743 5359 effusores
1766 5293 2063 5362 immisericordes

202 5404 396 5470 vindictam
419 5401 643 5487 accipientes.

290 5506 410 5571 Minue
433 5528 455 5571 a
478 5503 636 5590 quolibet
658 5507 738 5570 loco
760 5504 887 5571 Martis
911 5527 964 5590 gr.
991 5507 1004 5570 l
1030 5516 1065 5569 et
1088 5505 1129 5572 58
1154 5504 1246 5581 min,
1270 5514 1305 5567 et
1334 5523 1399 5587 pro
1427 5501 1596 5583 distantia
1626 5500 1740 5584 Neap.
1771 5502 1885 5566 minue
1913 5522 1983 5567 sec.
2018 5504 2061 5575 57

203 5621 283 5676 tert.
304 5613 360 5677 30.

290 5711 390 5779 Mam
414 5732 499 5780 uero
520 5712 554 5776 in
576 5732 640 5779 suo
663 5712 851 5800 epyciculo
873 5723 1034 5777 movetur
1056 5712 1151 5777 omni
1173 5711 1231 5776 die
1253 5711 1301 5777 ds
1322 5709 1481 5794 partibus
1501 5709 1555 5775 sui
1576 5707 1752 5794 epyciculi
1774 5710 1817 5774 28
1840 5717 1887 5774 m.

291 5816 337 5883 Et
359 5828 518 5883 centrum
541 5816 615 5882 eius
638 5826 797 5881 mouetur
818 5816 852 5879 in
875 5837 938 5883 suo
961 5817 1144 5881 deferente
1166 5817 1210 5880 33
1234 5813 1387 5880 msere.
1821 5832 1829 5843 ·

274 6005 284 6034 ⁸
302 6006 420 6057 Lacuna
437 6008 467 6057 ln
485 6009 542 6057 tex.

1015 6195 1242 6281 h»124«⁸
