4764 7176
466 583 594 687 Arin
621 620 739 717 ergo
766 582 843 687 vel
869 580 1001 684 Azin
1027 579 1320 686 censebatur
1344 605 1571 690 centrum
1597 588 1769 692 mundi
1801 584 2025 723 (cupula
2066 590 2212 710 terrae)

359 751 497 888 quod
522 751 650 856 bene
674 751 883 887 explicat
901 749 1154 888 Reynaud
1172 743 1369 881 (Googr.
1395 747 1749 893 d'Aboulfeda,
1768 792 1871 893 pag
1903 789 2017 885 240
2040 772 2093 855 et
2111 756 2212 886 seg.)

357 923 465 1027 Indi
485 923 617 1027 enim
636 921 964 1027 meridianum
983 919 1250 1024 centralem
1269 929 1541 1054 posuerunt
1567 922 1618 1025 in
1644 920 1835 1028 civitate
1864 913 2081 1056 Odjein
2106 919 2213 1024 unde

359 1088 509 1209 Azim
535 1109 585 1192 at
609 1088 924 1204 Ptolomoeus
962 1127 1080 1192 eum
1105 1086 1318 1233 ‘transire
1355 1086 1552 1194 dicebat
1588 1129 1679 1226 per
1714 1090 1981 1227 quandam
2024 1085 2212 1190 insulan

357 1297 513 1394 prope
551 1256 849 1394 Zanguebar
886 1256 1066 1361 dictam
1104 1277 1237 1347 ἓσσινα.
1275 1254 1499 1361 Primum
1536 1280 1705 1364 autem
1742 1257 2096 1363 meridianum
2131 1295 2212 1360 cen

354 1427 494 1530 sebat
530 1428 614 1564 qui
651 1426 819 1530 transit
872 1463 963 1561 per
1004 1424 1184 1530 insulas
1235 1421 1542 1544 Fortunatas,
1592 1465 1723 1549 nunc
1775 1422 2032 1530 Canarias
2086 1422 2210 1559 (long.

356 1608 414 1719 17⁰
439 1591 504 1728 45'
530 1593 606 1722 3o''
639 1593 728 1701 W.
765 1594 949 1720 Paris).
2160 1719 2163 1733 Ι

459 1760 1211 1900 LongitudoMontispessulani,
1231 1759 1463 1867 hebraico
1474 1799 1702 1867 sermone
1720 1758 2027 1878 Montanae,
2051 1755 2213 1887 (Mont-

355 1932 539 2069 pellier)
577 1933 832 2068 adsignata
866 1931 933 2036 ab
968 1929 1216 2034 hodiernis
1254 1966 1495 2064 cosmogr.
1537 1921 1609 2070 est
1645 1942 1680 2032 1⁰
1711 1925 1769 2055 32'
1802 1923 1875 2061 34''
1910 1926 1981 2033 E.
2028 1925 2212 2032 Parisi:

355 2100 556 2204 latitudo
592 2139 710 2204 vero
747 2113 824 2231 43⁰
855 2094 919 2224 36¹
946 2093 1029 2230 44”
1068 2095 1224 2201 Nord.
1265 2097 1431 2202 Distat
1469 2135 1588 2234 ergo
1625 2098 1689 2203 ab
1726 2097 1892 2202 insulis
1931 2074 2215 2201 Fortunati<

351 2269 453 2374 iere
480 2307 538 2371 20
565 2269 750 2404 gradus
777 2306 876 2371 non
912 2305 976 2371 22.
1017 2262 1222 2372 Clavius
1257 2264 1377 2370 item
1413 2267 1464 2370 in
1499 2304 1678 2372 comm.
1716 2266 1767 2370 in
1792 2265 2065 2402 Spheram
2103 2265 2214 2371 Ioan.

353 2438 417 2542 de
461 2436 613 2541 Sacro
658 2437 819 2540 Bosco
863 2433 1012 2539 habet
1056 2436 1187 2571 long.
1226 2432 1545 2571 Montispess.
1585 2448 1653 2538 22⁰
1689 2430 1738 2560 15'
1776 2455 1826 2538 et
1860 2433 1984 2540 latit.
2036 2448 2125 2567 43⁰
2157 2429 2215 2538 10'.

353 2602 677 2709 Manifestum
712 2642 832 2740 ergo
870 2623 944 2706 est
980 2603 1116 2738 quod
1154 2623 1436 2707 extremum
1472 2580 1775 2711 occidentale
1811 2585 1995 2706 mundi
2049 2601 2217 2708 habita·

353 2773 459 2875 bilis
500 2776 599 2876 non
644 2772 774 2877 bene
818 2769 1073 2905 cognitum
1111 2791 1226 2876 erat.
1267 2770 1455 2900 Notatu
1492 2810 1693 2909 quoque
1732 2770 1944 2907 dignum
1985 2783 2105 2904 148⁰
2139 2811 2217 2876 una

352 2981 468 3045 cum
504 2953 584 3058 22⁰,
623 2941 808 3076 gradus
845 2974 920 3063 170
957 2961 1151 3044 tantum
1187 2940 1445 3046 conficere.

461 3184 550 3274 Pag.
574 3191 605 3262 2,
629 3184 688 3250 lin.
712 3191 736 3253 4
736 3202 771 3267 5.
796 3182 1131 3277 ...Advertendum
1149 3196 1268 3251 tamen
1284 3184 1381 3271 quod
1404 3185 1439 3249 in
1455 3185 1577 3251 tabula
1595 3184 1699 3250 medii
1716 3197 1829 3252 motus
1845 3186 1955 3251 lunae
1975 3187 2031 3252 ad
2048 3187 2217 3253 invenies

352 3288 435 3352 dum
452 3298 588 3351 tantum
611 3287 764 3352 medium
780 3287 854 3351 eius
877 3298 1009 3351 motum
1032 3297 1171 3372 oportet
1195 3288 1279 3352 addi
1305 3287 1321 3358 7
1338 3288 1472 3376 gradus
1496 3301 1531 3354 et
1546 3291 1589 3354 40
1605 3288 1749 3368 minuta,
1766 3288 1860 3375 quod
1876 3309 1949 3355 non
1967 3304 2129 3376 oportet
2143 3290 2169 3354 si
2184 3289 2217 3353 ad

350 3389 595 3455 inveniendum
612 3410 734 3453 verum
750 3389 869 3454 locum
884 3391 957 3453 eius
973 3389 1089 3455 addas
1104 3389 1135 3455 ei
1151 3391 1269 3457 statim
1287 3391 1586 3477 equacionem.1n
1603 3390 1734 3456 tabulis
1749 3402 1866 3457 autem
1883 3393 2107 3478 argumenti
2132 3392 2217 3457 lunae

349 3492 505 3557 invenies
520 3492 608 3555 duos
625 3490 765 3557 ordines
777 3492 989 3557 minutorum
1001 3512 1108 3578 super
1119 3492 1329 3578 scripturam
1340 3494 1511 3559 mensium
1523 3492 1716 3578 positorum
1728 3513 1875 3580 quorum
1887 3493 2066 3577 superior
2079 3493 2217 3561 ostendit

352 3615 532 3658 numerum
554 3593 643 3658 ferie
660 3592 782 3679 inqua
805 3592 956 3680 quilibet
980 3593 1107 3659 mensis
1130 3595 1262 3659 lunaris
1286 3595 1506 3684 ingrediatur
1529 3595 1621 3661 diem
1644 3595 1770 3660 mensis
1793 3594 1936 3662 solaris:
1963 3595 2129 3664 inferior
2151 3617 2216 3662 vero

353 3695 507 3761 ostendit
529 3707 638 3780 quota
661 3696 718 3761 die
743 3696 870 3761 mensis
894 3696 1018 3760 solaris
1043 3696 1098 3760 vel
1121 3698 1254 3761 romani
1278 3696 1475 3785 ingreditur
1497 3696 1629 3763 lunaris
1652 3718 1806 3763 mensem
1830 3695 1889 3784 qui
1913 3698 2215 3767 subscribitur...

353 3797 453 3864 Ordo
477 3819 628 3884 namque
651 3799 861 3864 minutorum
883 3798 917 3861 in
941 3799 1055 3883 prima
1078 3799 1249 3885 superiori
1271 3799 1364 3865 linea
1387 3798 1579 3884 positorum
1602 3801 1639 3865 in
1662 3799 1821 3866 omnibus
1851 3798 1986 3866 tabulis
2020 3800 2216 3890 argumenti

353 3900 516 3965 desinunt
540 3900 651 3983 primo
675 3901 746 3966 diei
770 3901 908 3966 mensis
922 3901 1059 3966 lunaris·
1075 3901 1109 3965 in
1132 3902 1230 3966 cuius
1254 3901 1368 3990 medio
1385 3911 1439 3966 est
1454 3901 1641 3987 oppositio,
1657 3901 1692 3965 in
1707 3902 1776 3966 fine
1792 3920 1876 3966 vero
1892 3902 2116 3971 coniunctio
2132 3902 2216 3969 lumi·

353 4001 486 4067 narium
512 4002 568 4065 vel
592 4001 736 4068 circiter
759 4013 794 4066 et
817 4001 1012 4068 huiusmodi
1030 4013 1111 4067 sunt
1127 4002 1177 4067 illi
1196 4001 1255 4067 ubi
1271 4002 1439 4070 videlicet
1454 4003 1489 4068 in
1505 4004 1644 4070 minutis
1660 4003 1996 4090 proporcionalibus
2012 4006 2181 4076 invenies
2192 4007 2215 4071 0.

460 4211 597 4317 Cum
633 4213 860 4352 aequatio
903 4215 1181 4352 argumenti
1224 4214 1368 4321 lunae
1407 4255 1506 4319 non
1544 4215 1603 4319 sit
1639 4216 1793 4321 maior
1828 4251 1852 4341 7
1887 4217 2145 4353 gradibus
2180 4238 2215 4322 et

356 4420 423 4514 40
460 4382 577 4486 min.
615 4382 664 4486 in
701 4382 877 4520 tabulis
914 4383 1063 4487 medii
1102 4404 1263 4487 motus
1300 4384 1492 4490 numeri
1530 4382 1753 4488 diminuti
1790 4404 1904 4488 sunt
1937 4396 1991 4506 7⁸
2021 4405 2081 4488 et
2112 4399 2212 4517 40¹²,

354 4553 420 4655 ita
443 4572 498 4655 ut
523 4551 749 4688 aequatio
786 4591 978 4687 argum.
1007 4590 1206 4688 semper
1241 4552 1473 4659 addenda
1498 4553 1582 4672 sit;
1609 4592 1865 4689 nunquam
1900 4573 2084 4658 autem
2119 4553 2214 4658 sub

232 4771 235 4774 ⁴
354 4719 605 4825 trahenda.
646 4718 875 4827 Tabulae
910 4719 1190 4857 argumenti
1227 4721 1371 4825 lunae
1410 4720 1660 4826 ordinatae
1697 4741 1812 4824 sunt
1846 4720 1985 4825 iuxta
2016 4760 2214 4829 menses

353 4890 562 5006 lunares,
602 4926 703 5023 qua
745 4888 809 4994 de
859 4929 912 4995 re
961 4890 1191 4996 columna
1242 4890 1401 5025 prima
1449 4887 1629 4993 indicat
1678 4887 1979 4994 lunationem
2033 4891 2214 4997 mensis

353 5053 530 5160 Marcii
566 5097 610 5161 a.
650 5092 777 5181 1300.
817 5057 1065 5162 mensium
1102 5058 1389 5195 positorum,
1408 5095 1646 5160 numerus
1682 5054 1877 5161 inferior
1911 5093 1960 5158 22
1999 5057 2212 5166 ostendit

353 5223 489 5363 quod
524 5223 684 5359 prima
720 5224 825 5362 dies
863 5226 1005 5331 lunae
1043 5248 1116 5330 est
1152 5225 1258 5330 dies
1290 5263 1338 5328 22
1371 5222 1552 5331 mensis
1578 5220 1769 5341 Marcii,
1795 5221 2021 5359 superior
2045 5248 2211 5332 autem

351 5390 532 5497 indicat
566 5390 736 5512 leriam
772 5392 822 5496 in
858 5433 958 5530 qua
993 5392 1160 5530 incipit
1197 5391 1378 5498 mensis
1414 5391 1608 5497 lunaris.
1649 5390 1775 5497 Dies
1812 5429 1930 5528 ergo
1955 5429 2008 5494 22
2035 5391 2208 5499 Marcii

353 5597 463 5686 1300
489 5557 577 5663 fuit
593 5559 711 5666 feria
730 5598 777 5686 3:
801 5582 849 5665 et
868 5560 1075 5698 proinde
1100 5561 1314 5699 primam
1332 5562 1466 5667 diem
1486 5558 1651 5666 marcii
1671 5580 1864 5696 oportet
1887 5557 2206 5667 inchoassein

350 5726 434 5834 fer.
464 5740 520 5832 20.
561 5724 717 5861 Quod
754 5729 1100 5866 accipiendum
1127 5751 1199 5836 est
1223 5729 1359 5835 iuxta
1385 5727 1755 5866 explanationes
1781 5726 2010 5864 superius
2046 5728 2202 5836 factas.

350 5895 493 5999 luxta
528 5894 872 6001 Ptolomaeum
909 5896 1025 6002 luna
1060 5918 1287 6002 movetur
1319 5935 1419 6000 non
1456 5896 1616 6000 solum
1640 5932 1791 6031 super
1815 5895 2036 6032 aliquem
2063 5897 2200 6003 circu·

275 6092 277 6096 ’
351 6063 458 6168 lum
496 6064 823 6198 eccentricum
854 6067 948 6170 sed
985 6067 1033 6170 in
1069 6065 1268 6202 proprio
1306 6102 1507 6203 quoque
1546 6062 1790 6201 epicyclo;
1853 6087 2200 6198 argumentum

1159 6317 1404 6409 91)(Χῆ
