4710 7222
83 558 206 630 lunaris
233 557 396 636 solarem,
427 557 477 623 ita
505 568 625 638 tamen
647 554 744 643 quod
772 555 811 630 in
830 552 995 625 addendo
1029 572 1211 626 numerum
1245 551 1481 639 septenarium
1515 572 1585 629 nnn
1614 552 1767 622 excedat
1795 552 1859 623 sed
1888 553 1918 621 si
1998 608 1999 611 η

74 673 211 767 precise
234 691 314 738 eum
334 669 500 749 habueris
514 670 648 750 ‚scribe
669 670 699 737 si
722 670 842 757 plures
865 668 1086 752 excreuerint
1109 667 1211 739 abice
1240 666 1270 751 i,
1292 667 1471 738 residuum
1494 665 1689 737 retinendo.
1711 664 1756 759 Ε
1779 667 1867 735 Item
1889 666 1918 735 si

69 797 112 865 uis
141 787 239 856 scire
262 797 370 874 qupta
392 785 452 853 die
474 785 603 852 mensis
625 785 749 852 solaris
768 784 877 856 intrat
897 803 977 859 eum
999 782 1128 853 mensis
1151 783 1282 853 lunaris
1304 783 1339 849 in
1364 783 1525 870 sequenti
1547 781 1772 852 reuolucione
1787 803 1920 852 connu-

66 923 176 980 mera
198 920 318 973 omnes
339 920 475 967 menses
509 899 694 986 preteritos
723 899 1013 971 reuolucionis-in
1036 920 1104 987 qua
1129 919 1167 969 es
1200 918 1280 965 cum
1309 897 1485 993 mensibus
1519 897 1782 984 precedentium
1817 919 1918 969 reuo-

64 1025 250 1098 lucionum
273 1028 309 1084 et
324 1014 442 1093 diuide
460 1035 528 1101 -per
549 1016 666 1091 asset
681 1015 747 1084 hoc
770 1015 935 1102 quociens
950 1014 1130 1081 inueniens
1152 1013 1283 1100 pluries
1298 1025 1334 1079 et
1349 1034 1428 1083 cum
1450 1011 1590 1082 residuo
1603 1012 1750 1085 intrabis
1765 1035 1918 1085 mensem

63 1155 180 1233 quem
202 1133 256 1198 uis
278 1142 314 1196 et
335 1131 491 1197 inuenies
514 1131 683 1218 scriptum
698 1142 807 1218 quota
822 1130 881 1199 die
905 1130 1030 1201 mensis
1053 1130 1178 1201 solaris
1200 1130 1307 1196 intrat
1329 1130 1366 1196 in
1388 1150 1469 1199 eum
1484 1129 1612 1199 mensis
1635 1129 1766 1201 lunaris
1788 1139 1824 1199 et
1837 1149 1918 1217 poo-

64 1250 177 1327 anile
198 1246 262 1314 erit
285 1246 381 1333 quod
403 1246 511 1314 intret
532 1247 594 1313 illo
616 1247 673 1313 die
696 1247 763 1315 uel
777 1246 993 1332 precedente
1024 1245 1080 1312 uel
1111 1244 1332 1324 succedente,
1354 1244 1420 1313 sed
1438 1255 1561 1339 ,tamen
1582 1244 1725 1333 quando
1751 1245 1918 1331 respicies

67 1383 257 1443 numerum
278 1361 369 1430 ferie
389 1361 614 1435 emendatum
640 1363 701 1432 ille
724 1362 878 1433 ostendit
900 1361 962 1428 tibi
989 1360 1123 1449 absque
1146 1360 1238 1429 omni
1262 1359 1371 1435 dubio
1391 1360 1483 1429 diem
1498 1359 1534 1424 in
1555 1379 1628 1447 quo
1643 1360 1771 1433 mensis
1785 1359 1918 1432 lunaris

68 1490 184 1557 intrat
205 1498 359 1548 mensem
381 1479 543 1563 solarem.
568 1476 613 1570 Ε
635 1475 694 1545 Ad
716 1478 783 1545 hoc
806 1477 912 1566 igitur
934 1488 972 1544 ut
995 1477 1134 1550 facilius
1155 1477 1224 1544 hoc
1247 1475 1403 1545 inuenies
1425 1496 1519 1562 pone
1541 1475 1606 1547 sub
1632 1473 1792 1563 qualibet
1820 1475 1917 1568 luna·¹

72 1601 178 1670 sione
197 1615 380 1677 numerum
401 1593 626 1679 precedentis
648 1603 759 1682 quota
781 1603 847 1672 est,
881 1592 965 1679 quia
987 1591 1227 1663 reuolucionis
1244 1609 1408 1665 numerus
1435 1601 1488 1663 est
1510 1592 1575 1660 294
1599 1610 1735 1661 menses
1765 1591 1916 1667 lunares.

74 1712 107 1805 Ε
136 1708 193 1782 Vt
206 1720 322 1789 autom
338 1709 431 1792 scias
450 1719 628 1787 transacta
650 1708 763 1795 prima
785 1707 1011 1781 reuolucione
1033 1706 1228 1796 argumenti
1247 1708 1328 1776 lune
1355 1706 1617 1793 superscribam
1640 1705 1786 1777 cuilibet
1809 1706 1919 1775 mensi

77 1820 189 1907 innati
202 1825 238 1893 in
259 1835 367 1913 quota
388 1824 480 1895 feria
501 1824 630 1895 mensis
652 1823 776 1896 solaris
797 1822 903 1890 intret
924 1820 1014 1895 scies
1038 1822 1135 1911 quod
1156 1822 1225 1893 ism
1249 1841 1316 1911 ego
1336 1822 1409 1890 teci
1431 1822 1466 1892 in
1488 1821 1600 1910 prima
1627 1833 1662 1893 st
1684 1821 1842 1892 secunda
1863 1843 1918 1891 rs·

80 1939 259 2020 solucione
281 1951 318 2006 et
332 1939 378 2007 de
400 1941 549 2028 iusque
573 1939 621 2008 ad
645 1941 687 2008 39
704 1959 840 2007 menses
863 1937 937 2006 eius
952 1950 988 2005 et
1002 1939 1039 2005 in
1060 1937 1128 2007 hoc
1149 1945 1155 2020 Ι
1174 1938 1341 2025 completi
1356 1948 1436 2005 sunt
1460 1939 1499 2006 19
1515 1937 1596 2008 anni
1612 1936 1756 2008 solares.
1780 1935 1919 2014 Quibus

28 2096 31 2103 ·
81 2054 258 2141 completi?
280 2066 418 2142 oportet
441 2055 569 2130 iterato
592 2077 613 2120 a
636 2054 752 2141 capite
785 2053 951 2140 incipere,
975 2053 1023 2120 sic
1047 2054 1142 2142 quod
1174 2053 1263 2120 illud
1287 2054 1382 2142 quod
1400 2052 1577 2150 inussisti
1599 2052 1634 2119 in
1657 2053 1770 2139 primo
1800 2072 1918 2120 mense

81 2170 186 2256 prime
206 2169 442 2237 reuolncionis
474 2169 520 2236 sit
551 2189 657 2256 super
684 2169 839 2256 primum
863 2170 930 2235 40³¹
958 2169 1084 2235 mensis
1106 2170 1141 2235 3ο
1177 2156 1411 2236 reuolucionis
1433 2179 1469 2236 et
1491 2169 1588 2258 quod
1616 2181 1774 2256 superest
1802 2168 1918 2239 scribe

81 2305 183 2371 super
204 2287 271 2351 41ΙΙΙ
300 2286 406 2352 etsie
429 2307 494 2372 per
508 2305 727 2372 consequens
751 2286 863 2353 donec
886 2284 1119 2371 compleueris
1143 2289 1162 2351 4
1186 2285 1430 2356 reuoluciones
1452 2284 1498 2352 de
1514 2287 1554 2352 98
1578 2283 1755 2353 mensibus
1777 2295 1813 2352 et
1826 2285 1919 2353 ultra

81 2399 145 2467 loc
171 2400 209 2472 78
232 2400 292 2488 qui
314 2412 395 2467 sunt
416 2404 460 2468 88
483 2401 564 2468 anni
587 2401 733 2469 solares.
756 2398 801 2492 Ε
822 2399 1029 2468 Notandum
1044 2412 1097 2468 est
1113 2412 1231 2467 autem
1254 2401 1350 2488 quod
1372 2401 1405 2467 in
1421 2400 1496 2468 istis
1511 2400 1632 2486 primis
1646 2397 1919 2470 resolutionibus

80 2514 116 2581 de
145 2517 321 2584 mensibus
343 2536 413 2586 non
435 2528 576 2603 oportet
597 2516 694 2583 aliud
718 2516 801 2584 addi
825 2518 884 2586 uel
908 2517 1025 2597 minui,
1049 2517 1113 2586 sed
1134 2518 1279 2595 ulterius
1302 2516 1370 2585 boc
1401 2515 1555 2584 inuenies
1588 2515 1687 2604 qued
1720 2515 1848 2593 atensis
1869 2516 1920 2581 lu·

77 2632 176 2701 naris·
190 2629 334 2701 intrabit
357 2632 572 2721 quandoque
595 2632 630 2697 in
653 2633 711 2699 die
734 2633 977 2718 suprascripta
999 2630 1107 2701 mensi
1137 2632 1245 2699 solari
1269 2632 1484 2721 quandoque
1505 2651 1568 2718 per
1589 2651 1694 2703 unam
1716 2630 1810 2699 diem
1839 2642 1919 2699 ante

75 2747 131 2812 rel
153 2759 239 2835 post.
252 2746 565 2837 iiVerumptamen
588 2748 730 2836 quando
753 2767 951 2835 supereum
968 2746 1108 2821 uidebis
1131 2768 1312 2831 numerum
1334 2746 1424 2816 ferie
1445 2747 1668 2817 emendatum
1690 2745 1737 2814 ad
1756 2745 1852 2817 illam
1865 2766 1921 2814 re·

71 2859 298 2942 solucionem
319 2863 400 2949 ipsa
421 2862 485 2937 tibi
519 2862 682 2941 ostendet
715 2875 850 2937 certum
883 2863 976 2933 diem
1010 2862 1102 2931 illius
1128 2862 1256 2935 mensis
1279 2862 1315 2929 in
1336 2883 1407 2950 qua
1428 2861 1534 2933 intrat
1557 2861 1688 2930 lunaris
1716 2861 1783 2929 sub
1805 2860 1920 2929 solare

66 2969 96 3037 Si
126 2988 255 3055 sutem
277 2997 348 3051 non
369 2978 518 3056 haberes
553 2978 618 3047 nisi
649 2977 800 3064 primam
831 2977 1092 3052 reuoiucionem
1115 2999 1184 3066 que
1199 2988 1261 3047 ¹est
1275 2978 1325 3045 -98
1348 2976 1531 3055 mensium,
1561 2975 1656 3047 adde
1679 2975 1822 3045 cuilibet
1852 2975 1920 3043 diei

64 3086 103 3151 10
142 3111 193 3181 gr.
214 3096 294 3160 ete
317 3096 399 3162 min.
422 3103 457 3161 et
478 3092 623 3169 habebis
645 3101 851 3180 sequentem
884 3091 1147 3165 reuolucionem
1169 3091 1364 3180 argumenti
1385 3091 1432 3161 ad
1462 3092 1549 3159 alios
1574 3094 1616 3159 98
1646 3112 1803 3170 mensess
1825 3091 1920 3179 quod

58 3203 215 3285 quidem
236 3207 439 3287 iaciendum
461 3219 514 3274 est
533 3207 570 3272 in
592 3206 749 3295 qualibet
771 3206 998 3281 reuolucione
1025 3195 1139 3290 denec
1162 3206 1394 3294 compleueris
1417 3207 1460 3277 38
1482 3203 1717 3275 reuolutiones
1746 3227 1836 3293 quae
1866 3207 1920 3272 ln·

55 3312 175 3390 ciunt
194 3324 259 3401 294
281 3342 392 3393 annos
414 3323 566 3402 lunares,
590 3334 627 3390 et
649 3333 733 3400 tunc
754 3321 920 3396 redibunt
941 3322 989 3390 sd
1011 3321 1127 3393 locum
1150 3323 1298 3408 primum
1320 3322 1417 3391 nullo
1450 3322 1573 3392 addito
1596 3322 1655 3392 uel
1685 3324 1854 3393 diminuto
1884 3336 1920 3392 et

52 3442 160 3505 tunc
180 3449 321 3524 oportet
341 3437 475 3507 addere
490 3459 598 3507 unum
613 3437 728 3507 solum
743 3437 895 3526 gradum
917 3457 982 3522 per
1004 3437 1089 3510 olins
1111 3439 1175 3508 294
1192 3458 1303 3517 annos
1318 3449 1355 3506 et
1373 3437 1423 3506 sic
1444 3459 1583 3524 semper
1598 3437 1822 3507 consimiliter
1838 3459 1918 3524 pro·

51 3549 180 3619 cedet
199 3563 453 3642 argumentum.
977 3566 979 3570 ‘
1110 3556 1114 3561 ’

128 3666 330 3756 leolipsim
353 3669 437 3736 solis
468 3669 559 3736 scire
592 3667 787 3753 desideras,
821 3667 911 3735 scias
947 3668 1060 3755 primo
1093 3669 1210 3738 locum
1243 3669 1316 3736 eius
1339 3669 1375 3735 in
1398 3669 1543 3737 meridie
1566 3670 1819 3739 coniunctionis
1850 3670 1920 3739 diei

149 3782 240 3852 illius
261 3783 429 3852 stlocum
452 3784 615 3873 equalem
637 3784 765 3871 capitis
789 3783 953 3852 maeonis
976 3783 1023 3851 ad
1046 3782 1227 3853 meridiem
1250 3784 1320 3853 diei
1342 3783 1501 3855 eiusdem
1523 3784 1559 3852 in
1580 3785 1660 3854 loco
1682 3786 1743 3853 illo
1766 3798 1803 3854 et
1825 3791 1918 3856 adde

58 3896 147 3967 hoc
166 3899 267 3978 simrd
289 3912 325 3967 et
346 3900 444 3988 quod
466 3921 511 3966 ex
534 3899 713 3973 additione
735 3899 939 3987 prouenerit
961 3899 1145 3970 uocabitur
1166 3912 1409 3990 argumentum
1432 3899 1633 3970 latitudinis.
1655 3901 1693 3969 Si
1716 3901 1821 3990 igitur
1851 3902 1919 3971 hoc

65 4027 319 4102 argumentum
354 4027 408 4083 est
438 4015 550 4095 misius
574 4015 619 4083 de
641 4019 664 4084 0
686 4016 719 4081 in
744 4015 853 4104 signis
875 4027 911 4081 et
938 4017 976 4082 18
999 4016 1034 4085 in
1056 4015 1225 4106 gradibus
1258 4017 1316 4083 uel
1350 4015 1464 4085 minus
1494 4015 1647 4103 quinque
1673 4004 1787 4105 ¹signis
1810 4027 1846 4084 et
1880 4019 1918 4084 12

70 4129 240 4217 gradibus
263 4130 321 4199 uel
345 4130 456 4204 maius
479 4134 500 4201 b
522 4130 629 4220 signis
652 4142 688 4199 et
712 4131 731 4197 5
753 4130 923 4218 gradibus
946 4131 1005 4200 uel
1035 4130 1146 4201 minus
1171 4133 1209 4200 ll
1233 4131 1339 4221 signis
1362 4143 1398 4203 st
1418 4134 1460 4199 29
1483 4132 1665 4220 gradibus,
1688 4152 1759 4201 non
1781 4145 1920 4220 oportet

77 4255 114 4328 te
141 4246 281 4333 amplius
304 4247 478 4326 laborare,
502 4247 584 4334 quia
618 4267 686 4313 non
708 4257 827 4333 potest
861 4268 937 4314 esse
972 4247 1112 4335 eclipsis
1135 4247 1174 4314 ln
1194 4247 1338 4337 regione
1370 4247 1560 4315 latitudinis
1585 4249 1626 4314 43
1656 4248 1830 4338 graduum
1860 4251 1919 4315 uel

83 4357 184 4428 circa.
214 4361 251 4428 si
265 4352 392 4428 ‘autem
414 4362 619 4448 predictum,
636 4374 880 4452 argumentum
914 4362 1019 4431 fuerit
1040 4362 1134 4430 inira
1156 4363 1321 4431 terminos
1344 4363 1577 4450 supradictos,
1599 4363 1693 4431 scias
1714 4364 1831 4430 locum
1860 4385 1920 4432 co·

90 4473 282 4545 niunctionis
315 4477 535 4545 luminarium
564 4480 599 4543 et
633 4477 833 4545 distantiam
867 4477 1031 4553 horarum
1065 4479 1140 4555 eius
1169 4501 1191 4547 a
1218 4478 1364 4562 meridie
1386 4479 1416 4544 si
1439 4490 1491 4545 est
1524 4489 1605 4546 ante
1627 4479 1685 4545 uel
1718 4489 1808 4565 post.
1842 4478 1919 4547 Sint

95 4589 179 4658 etiam
201 4595 284 4661 hore
305 4594 372 4661 iste
399 4604 528 4682 equnte
551 4614 631 4660 cum
654 4593 775 4660 tabula
799 4593 1003 4681 equacionis
1025 4593 1159 4660 dierum
1182 4604 1217 4659 et
1237 4595 1404 4674 noctium,
1426 4594 1526 4662 cuius
1550 4593 1693 4681 quidem
1718 4594 1919 4682 equacionis

99 4705 198 4775 nodus
219 4721 272 4776 est
293 4703 390 4797 quod
410 4710 439 4775 si
461 4709 548 4776 hore
575 4708 831 4776 coniunctionis
850 4708 919 4775 sint
940 4720 1021 4775 ante
1047 4708 1229 4777 meridiem
1245 4710 1356 4777 addes
1378 4710 1457 4788 hoc,
1479 4710 1509 4775 si
1540 4720 1658 4776 nutem
1672 4709 1752 4796 pnst
1774 4711 1917 4777 minues.

103 4813 175 4888 lutra
195 4824 300 4891 etiam
322 4845 404 4892 cum
426 4825 540 4914 gradu
563 4824 646 4890 solis
668 4824 710 4889 in·
725 4822 884 4893 tabulam
906 4823 1071 4903 horarum
1093 4823 1294 4901 medietatis
1315 4824 1405 4918 illius
1429 4822 1497 4892 diei
1522 4844 1609 4912 quas
1632 4825 1743 4892 addes
1757 4825 1816 4891 uel
1838 4824 1918 4892 sub-

103 4934 202 5016 mle,
223 4950 261 5005 ut
284 4940 417 5007 dictum
441 4944 509 5026 est,‘
525 4950 561 5005 et
584 4951 670 5027 quot
691 4951 772 5026 post
794 4938 1011 5005 additionem
1031 4940 1088 5006 vel
1108 4938 1380 5022 subtractionem
1400 4943 1405 5026 Ι
1425 4940 1630 5007 remanserit
1653 4951 1754 5008 erunt
1775 4941 1858 5008 hore
1874 4943 1917 5010 ab
1959 4974 1980 5008 c.
2020 4974 2041 5014 r,
2056 4973 2103 5007 co.
2134 4994 2141 5007 .

105 5059 160 5115 orm
176 5054 258 5122 solis
280 5074 392 5143 usque
423 5055 470 5121 ad
501 5065 637 5141 tempus
667 5055 761 5121 illius
792 5054 1059 5136 coniunctionis,
1081 5076 1151 5143 que
1174 5055 1317 5143 quidem
1346 5056 1430 5124 hore
1456 5055 1677 5124 vocabuntur
1698 5057 1785 5122 hore
1808 5056 1917 5143 prime

106 5166 337 5237 coniunctionis.
367 5171 464 5237 Intra
486 5190 573 5260 ergo
596 5190 689 5237 cum,
705 5169 798 5236 horis
830 5169 1057 5259 longitudinis
1091 5170 1342 5237 coniunctionis
1376 5181 1457 5236 ante
1481 5171 1539 5236 uel
1560 5181 1640 5257 post
1675 5170 1855 5238 meridiem
1883 5170 1918 5236 in

107 5277 228 5351 ebulum
245 5286 461 5354 diuersitatis
483 5297 650 5373 aspectus
672 5285 900 5376 longitudinis
924 5298 959 5352 et
980 5275 1173 5353 latitudinis
1195 5288 1288 5353 lune.
1312 5286 1352 5352 In
1367 5285 1462 5352 horis
1485 5285 1625 5374 quidem
1641 5307 1709 5373 que
1733 5296 1813 5352 sunt
1837 5297 1918 5353 ante

106 5398 248 5469 meridiem
271 5402 301 5469 si
324 5402 524 5470 coniunctio
546 5403 592 5469 sit
615 5412 696 5469 ante
719 5401 775 5467 uel
797 5401 833 5466 in
856 5402 908 5468 his
935 5423 1003 5490 que
1027 5413 1108 5468 sunt
1128 5413 1208 5488 post
1231 5401 1261 5469 si
1282 5402 1482 5469 coniunctio
1505 5400 1549 5467 sit
1570 5411 1651 5486 post
1675 5399 1853 5467 meridiem
1884 5412 1918 5468 et

106 5515 175 5607 quod
194 5519 228 5583 in
251 5518 388 5585 directo
411 5539 530 5585 esrum
554 5518 681 5584 fuerint
706 5519 751 5584 de
773 5518 913 5585 minutis
946 5517 1174 5607 longitudinis
1207 5528 1243 5585 et
1276 5517 1471 5584 latitudinis
1494 5515 1522 5581 si
1547 5515 1583 5580 in
1605 5535 1676 5603 quo
1698 5516 1805 5583 luerit
1834 5518 1918 5583 luna

105 5633 346 5721 unumquodque
370 5654 433 5718 per
456 5654 495 5701 se
517 5645 692 5719 sumptum
722 5633 838 5701 scribe
862 5645 897 5699 et
920 5633 989 5699 hoc
1021 5632 1086 5698 erit
1116 5632 1301 5699 diversitas
1336 5643 1499 5717 aspectus
1526 5631 1608 5696 lune
1634 5630 1670 5696 in
1703 5631 1917 5721 longitudine

105 5747 130 5800 ti
145 5742 326 5816 latitudine.
350 5748 388 5817 Si
403 5762 520 5816 tamen
543 5749 626 5817 luna
649 5749 757 5817 inerit
777 5749 813 5815 in
835 5747 1009 5836 principio
1024 5747 1114 5837 signi
1137 5746 1231 5813 illius
1253 5747 1343 5813 intra
1368 5745 1475 5813 etiam
1499 5765 1578 5811 cum
1602 5743 1809 5836 argumento
1836 5747 1918 5814 lune

105 5853 206 5931 ulittura
238 5866 433 5955 equationis
465 5865 605 5951 eclipsis
627 5864 845 5933 luminarium
869 5885 938 5953 que
969 5876 1021 5930 est
1044 5862 1137 5930 linea
1160 5868 1196 5930 4·
1224 5861 1339 5950 posits
1372 5861 1470 5928 iuxta
1504 5875 1635 5930 motum
1664 5865 1745 5932 lune
1774 5864 1810 5929 in
1832 5865 1919 5932 hora

105 5985 153 6040 tm
169 5980 374 6068 accipiendo
397 5980 493 6068 quod
516 5979 625 6046 estin
648 5980 785 6047 directo
808 5991 843 6046 et
867 5980 989 6066 accipe
1012 5990 1150 6066 partem
1173 5976 1477 6065 proporcionalem
1500 5980 1693 6047 secundum
1715 5980 1918 6066 proporcio-

104 6102 162 6158 nem
180 6097 348 6185 graduum
372 6098 453 6163 lune
476 6096 524 6162 ad
546 6107 656 6163 totum
678 6096 818 6185 signum
841 6106 877 6162 et
900 6094 987 6162 illud
1004 6094 1100 6182 quod
1123 6094 1196 6161 exit
1219 6092 1301 6159 uide
1324 6104 1434 6180 quota
1455 6114 1541 6180 pars
1564 6095 1630 6161 erit
1653 6096 1697 6162 de
1726 6095 1768 6161 00
1795 6094 1918 6183 accipe

903 6288 1089 6388 says
