4764 7176
367 574 473 640 gnum
495 553 642 640 gradum
658 527 693 620 et
713 552 878 619 minutum
893 550 927 616 in
942 560 1015 618 tota
1038 550 1090 616 sui
1106 550 1218 635 prima
1232 549 1457 615 reuolutione.
1481 548 1518 614 Si
1541 562 1654 618 autem
1670 549 1852 637 plusquam
1877 550 1896 614 8
1925 540 2122 619 inueneris
2136 541 2223 609 abice

370 669 400 746 8,
423 668 585 756 quociens
608 667 749 754 poteris,
771 666 828 754 qui
852 680 932 734 sunt
955 665 1035 732 anni
1057 664 1298 743 reuolucionis,
1321 676 1357 731 et
1370 664 1459 732 intra
1475 661 1553 730 cum
1576 664 1726 732 residuo.
1748 662 1817 731 Pro
1839 661 2015 752 qualibet
2032 667 2158 724 autem
2178 677 2225 724 re·

367 782 550 848 uolucione
584 782 657 850 eius
694 783 860 868 preterita
893 780 1015 867 accipe
1041 782 1053 845 1
1081 802 1133 868 gr.
1156 792 1191 846 et
1214 781 1257 845 30
1280 779 1411 847 minuta
1438 801 1505 867 que
1536 778 1637 846 simul
1667 776 1801 847 iaciunt
1834 781 1878 846 90
1914 777 2010 844 min.
2046 783 2089 839 et
2118 770 2224 839 diuide

367 918 430 982 per
453 896 492 968 37
517 919 585 986 que
608 908 689 964 sunt
710 908 822 964 motus
838 896 1032 985 argumenti
1055 895 1128 963 eius
1149 896 1184 960 in
1199 916 1269 962 una
1286 894 1342 962 die
1366 906 1401 962 et
1424 917 1586 962 numerus
1609 896 1773 984 quociens
1789 894 1848 982 qui
1870 893 1965 960 inde
1991 885 2128 967 exibit,
2144 885 2224 955 facta

367 1012 548 1094 diuisione,
569 1026 670 1080 erunt
692 1014 777 1080 dies.
811 1011 848 1080 si
870 1012 974 1100 igitur
997 1012 1061 1079 iste
1083 1012 1225 1098 planeta
1254 1010 1360 1078 fuerit
1381 1010 1546 1090 directus,
1569 1010 1661 1077 adde
1691 1030 1870 1077 numerum
1903 1008 2060 1074 dierum
2093 1003 2223 1070 istorum

367 1147 457 1194 nunc
479 1140 702 1214 acceptorum
724 1147 866 1194 numero
889 1126 1022 1194 dierum
1044 1126 1139 1212 prius
1161 1125 1196 1192 in
1226 1125 1345 1193 tabula
1367 1126 1585 1193 inuenturum
1608 1138 1645 1193 et
1665 1123 1820 1193 inuenies
1836 1125 1878 1217 jn
1911 1122 2069 1190 directo
2102 1117 2224 1185 dieram

366 1242 508 1308 istorum
532 1242 728 1309 additurum
762 1242 876 1310 locum
900 1241 971 1309 eius
994 1263 1115 1308 uerum
1138 1242 1173 1306 in
1196 1241 1315 1309 tabula
1339 1240 1421 1324 eius.
1457 1238 1564 1317 Quod
1587 1240 1617 1306 si
1639 1241 1730 1307 inter
1751 1240 1812 1306 illa
1834 1238 1906 1306 duo
1932 1237 2028 1323 loca
2053 1254 2127 1323 que
2157 1244 2225 1299 sunt

367 1356 456 1423 inter
476 1357 536 1423 illa
558 1358 628 1425 duo
651 1369 810 1444 tempora
831 1357 1005 1425 inuenitur
1027 1358 1136 1424 maior
1157 1377 1321 1423 numerus
1349 1356 1520 1445 graduum
1546 1366 1580 1422 et
1602 1356 1809 1424 minutorum
1828 1366 1834 1441 ι
1853 1377 1964 1446 quam
1991 1354 2047 1419 sit
2072 1370 2224 1419 numems

368 1472 539 1561 graduum
562 1485 598 1539 et
619 1473 825 1540 minutorum
847 1493 968 1538 cursus
989 1472 1071 1540 solis
1094 1472 1130 1537 in
1153 1472 1273 1539 diebus
1296 1470 1376 1550 illis,
1392 1471 1557 1538 subtrahe
1580 1491 1718 1538 cursum
1740 1472 1823 1539 solis
1837 1494 1859 1538 a
1880 1492 1998 1538 cursu
2025 1466 2224 1535 Ueneriret

368 1588 461 1676 quod
483 1600 639 1655 remanet
661 1589 726 1654 erit
748 1589 927 1678 quantitas
950 1587 1100 1654 Ueneris
1121 1587 1232 1654 maior
1246 1586 1379 1653 ratione
1401 1586 1453 1653 sui
1476 1586 1687 1674 argumenti3
1711 1586 1803 1654 adde
1825 1606 1913 1675 ergo
1928 1588 2008 1652 hoc
2027 1581 2145 1670 priori
2158 1581 2225 1649 loco

364 1702 504 1770 inuento
527 1715 562 1771 et
584 1703 728 1772 habebis
749 1704 864 1770 locum
887 1703 960 1768 eius
984 1724 1113 1770 uerum.
1129 1701 1173 1791 Ε
1189 1700 1297 1779 Quod
1312 1701 1340 1767 si
1355 1683 1445 1767 inter
1459 1702 1520 1768 illa
1536 1703 1606 1768 duo
1627 1702 1706 1768 loca
1728 1703 1901 1769 inuenitur
1921 1719 2109 1768 numerus
2123 1698 2224 1764 minor

366 1840 470 1907 quam
492 1818 538 1884 sit
560 1839 679 1885 cursus
702 1820 796 1899 solis,
818 1820 982 1887 subtrahe
1006 1841 1082 1885 eum
1105 1840 1125 1885 a
1149 1816 1356 1908 cursusolis
1381 1829 1415 1883 et
1439 1818 1534 1906 quod
1556 1829 1712 1907 remanet
1734 1818 1899 1886 subtrahe
1924 1838 1945 1883 s
1972 1815 2067 1881 loco
2082 1811 2224 1880 Ueneris

368 1934 464 2019 prius
486 1934 630 2002 invento
653 1946 688 2001 et
710 1934 804 2022 quod
827 1945 983 2001 remanet
1013 1934 1078 1999 erit
1100 1953 1204 2021 uerus
1226 1933 1299 2000 eius
1322 1933 1420 1999 locus
1443 1933 1478 1997 in
1501 1932 1557 1999 die
1581 1931 1627 1998 ad
1650 1953 1753 2021 quem
1782 1932 1933 2020 quaeris
1972 1929 2019 1999 Si
2047 1949 2141 1999 uero
2161 1929 2225 2015 plr-

367 2060 449 2115 neta
470 2049 514 2115 sit
536 2050 773 2138 retrogradus,
798 2048 891 2115 adde
914 2049 983 2115 hoc
999 2047 1093 2144 quod
1109 2047 1270 2115 inuenisti
1292 2043 1383 2116 inter
1406 2046 1475 2114 duo
1498 2048 1578 2120 loca
1601 2069 1706 2133 super
1729 2067 1866 2113 cursum
1890 2066 1965 2135 quo
1991 2055 2169 2112 mouetur
2180 2044 2225 2109 sol

367 2163 403 2227 in
425 2163 546 2231 diebus
568 2164 635 2230 illis
651 2175 687 2232 et
703 2165 807 2230 istam
830 2164 1050 2231 addicionem
1073 2163 1237 2231 subtrahe
1261 2163 1404 2249 apriori
1427 2163 1505 2230 loco
1528 2162 1600 2229 eius
1622 2162 1764 2229 inuento
1787 2174 1823 2231 et
1844 2160 2003 2229 habebis
2021 2162 2149 2228 locum
2162 2159 2226 2228 eius

318 2307 320 2311 >
367 2299 486 2363 uerum
508 2281 639 2369 absque
662 2280 755 2346 omni
778 2279 895 2347 dubio.

452 2393 588 2462 Ercurii
610 2417 696 2462 uero
719 2395 817 2462 locus
838 2395 1011 2481 reperitur
1033 2397 1063 2461 si
1086 2396 1131 2463 ab
1161 2394 1261 2461 annis
1284 2395 1420 2462 Domini
1442 2395 1627 2462 subtrahas
1656 2395 1740 2460 1300
1762 2405 1799 2462 et
1821 2413 1900 2461 cum
1932 2392 2096 2460 residuo
2127 2391 2226 2459 intres

466 2509 621 2576 tabulam
643 2510 727 2590 eius,
750 2533 830 2576 nam
853 2511 947 2599 quod
969 2510 1003 2575 in
1038 2510 1172 2577 directo
1194 2510 1275 2576 anni
1308 2509 1436 2576 mensis
1470 2520 1506 2575 et
1536 2509 1605 2575 diei
1637 2509 1809 2575 inueneris
1831 2510 1898 2575 hoc
1922 2509 1998 2575 erit
2026 2510 2136 2576 locus
2166 2508 2226 2575 eius

367 2644 469 2690 uerus
492 2625 528 2688 in
550 2636 625 2692 tota
646 2625 698 2692 sui
722 2625 833 2711 prima
856 2626 1082 2693 reuolutione.
1116 2623 1153 2692 Si
1177 2637 1293 2692 autem
1323 2626 1358 2689 in
1385 2624 1483 2692 anuis
1506 2624 1638 2693 Christi
1667 2623 1842 2692 inueneris
1864 2624 2069 2712 plusquam
2104 2625 2151 2690 43
2179 2624 2228 2714 qui

368 2749 450 2804 sunt
467 2738 548 2805 anni
569 2740 805 2808 reuolucionis
828 2740 900 2807 eius
924 2741 1038 2809 abiice
1060 2741 1140 2819 hoc,
1163 2741 1322 2829 quotiens
1338 2751 1451 2826 potes,
1475 2751 1510 2808 et
1532 2760 1610 2807 cum
1632 2739 1770 2806 residuo
1793 2739 1883 2805 intra
1905 2739 2062 2808 tabulas
2087 2740 2166 2807 eius
2179 2759 2227 2805 ac·

368 2852 530 2939 cipiendo
551 2875 616 2939 pro
638 2855 793 2943 qualibet
814 2855 1037 2924 reuolucione
1060 2857 1133 2923 eius
1157 2857 1326 2942 preterita
1350 2859 1370 2920 2
1392 2854 1493 2944 grad.
1524 2867 1560 2923 et
1583 2856 1623 2922 45
1648 2855 1728 2923 min.
1753 2866 1787 2921 et
1809 2853 2011 2923 diuidendo
2044 2875 2118 2941 per
2139 2858 2162 2923 3
2183 2876 2226 2944 gr.

370 2979 405 3035 et
428 2970 448 3034 o
469 2968 549 3036 min.
573 2980 609 3035 et
632 2970 712 3058 quia
734 2971 792 3036 hic
815 2983 869 3039 est
890 2983 1003 3038 motus
1027 2972 1222 3061 argumenti
1245 2971 1399 3060 qualibet
1422 2971 1481 3037 die
1505 2983 1538 3038 et
1560 2991 1721 3038 numerus
1743 2970 1822 3037 inde
1844 2971 2046 3061 egrediens
2081 2971 2155 3039 erit
2175 2992 2227 3035 nn·

369 3105 484 3150 merus
507 3084 649 3151 dierum.
674 3084 846 3153 Subtrahe
870 3108 954 3177 ergo
977 3088 1061 3154 istas
1077 3087 1152 3154 dies
1178 3107 1268 3153 nunc
1283 3086 1441 3154 inuentus
1465 3107 1486 3151 a
1508 3098 1665 3172 tempore
1687 3086 1783 3173 prius
1805 3099 1957 3174 accepto
1983 3087 2025 3152 in
2047 3087 2180 3156 tabula
2199 3097 2226 3152 et

369 3200 463 3288 quod
486 3200 687 3266 remanserit
709 3201 776 3266 erit
798 3200 897 3268 locus
920 3203 993 3269 eius
1015 3202 1128 3268 indie
1150 3203 1224 3268 illa.
1259 3200 1297 3269 Si
1320 3222 1404 3268 uero
1436 3213 1518 3269 tunc
1542 3199 1737 3269 Mercurius
1760 3201 1863 3270 suerit
1893 3202 2064 3271 directus
2099 3214 2138 3270 et
2167 3221 2227 3269 mo·

370 3326 494 3382 ueatur
515 3314 550 3380 in
573 3315 696 3382 diebus
717 3316 785 3382 illis
808 3316 961 3384 uelocius
984 3317 1069 3396 sole,
1092 3319 1257 3386 subtrahe
1280 3328 1410 3384 motum
1444 3316 1526 3383 solis
1549 3338 1570 3380 a
1594 3316 1795 3390 differentia
1823 3307 1965 3384 illorum
1991 3317 2156 3385 duorum
2184 3318 2225 3383 lo

370 3449 488 3496 corum
510 3429 544 3495 in
565 3441 725 3517 tempore
746 3431 808 3498 illo
829 3432 1068 3501 subtrahendo
1090 3433 1176 3500 illud
1200 3433 1296 3522 quod
1318 3444 1475 3500 remanet
1498 3432 1544 3499 ab
1566 3430 1627 3497 illo
1650 3432 1728 3498 loco
1752 3432 1846 3518 prius
1867 3432 2031 3500 inuento.
2057 3432 2102 3502 Si
2118 3444 2224 3502 autem

371 3557 528 3612 mouetur
550 3546 683 3613 tardius
705 3547 791 3627 sole,
815 3547 979 3615 subtrahe
1002 3560 1134 3615 motum
1158 3549 1232 3616 eius
1254 3570 1276 3612 a
1298 3559 1394 3614 motu
1417 3546 1501 3614 solis
1524 3558 1562 3614 et
1584 3546 1672 3613 illud
1694 3546 1789 3635 quod
1811 3556 1973 3613 remanet
1993 3546 2103 3616 adde
2127 3548 2222 3634 priori

271 3680 274 3685 ·
372 3659 450 3726 loco
472 3682 572 3748 quem
595 3661 761 3748 accepisti
783 3675 819 3730 et
842 3663 936 3752 quod
966 3663 1075 3729 exibit
1104 3664 1203 3731 iacta
1226 3662 1462 3730 subtractione
1493 3662 1550 3728 uel
1586 3660 1768 3728 addicione
1800 3660 1866 3728 erit
1887 3680 1999 3729 uerus
2022 3662 2133 3730 locus
2161 3662 2223 3728 eius

371 3775 406 3839 in
430 3775 486 3842 die
507 3775 578 3843 illa.
601 3776 637 3842 Si
660 3798 745 3844 uero
768 3777 872 3844 tuerit
893 3777 1122 3867 retrogradus
1153 3778 1245 3846 adde
1267 3778 1346 3845 illos
1370 3778 1459 3845 duos
1482 3777 1556 3843 dies
1585 3777 1745 3843 inuentos
1768 3768 1857 3843 inter
1878 3775 1942 3841 illa
1965 3776 2045 3844 duo
2071 3788 2223 3865 tempora

373 3909 450 3957 cum
471 3903 569 3957 motu
590 3892 674 3983 solis
697 3903 731 3958 et
753 3893 820 3959 hoc
843 3903 953 3960 totum
976 3894 1069 3960 adde
1093 3893 1199 3979 priori
1222 3895 1301 3960 loco
1326 3894 1398 3960 eius
1421 3904 1582 3978 accepto,
1607 3905 1642 3959 et
1664 3892 1759 3981 quod
1780 3891 1862 3957 inde
1885 3890 2000 3957 exibit
2029 3892 2223 3985 eritluerm

373 4003 471 4073 locus
493 4005 575 4073 eius.
597 4004 642 4098 Ε
664 4005 746 4074 Non
768 4020 822 4073 est
844 4020 960 4075 autem
982 4010 1127 4077 multum
1150 4010 1341 4075 curandum
1364 4010 1409 4076 de
1431 4008 1640 4075 inueniendo
1662 4019 1733 4075 tam
1767 4006 1940 4075 subtiliter
1967 4008 2060 4075 loca
2089 4009 2223 4076 istorum

374 4119 521 4188 duorum
543 4120 761 4206 planetarum
783 4123 864 4211 quia
886 4144 1062 4213 nunquam
1085 4124 1228 4191 deuiant
1252 4125 1407 4209 aprima
1431 4124 1482 4191 sui
1505 4123 1728 4190 reuolucione
1749 4121 1898 4188 maxime
1928 4142 1997 4208 per
2025 4125 2058 4189 1-
2073 4118 2223 4214 grad(

153 4260 166 4289 c
216 4260 232 4290 v
328 4278 336 4295 ·
373 4231 410 4301 Si
432 4247 548 4304 autem
568 4236 711 4305 istorum
738 4238 882 4305 duorum
904 4239 983 4306 loca
1006 4239 1096 4306 scire
1118 4240 1269 4307 uolueris
1292 4251 1375 4307 ante
1397 4260 1523 4307 annum
1548 4238 1675 4307 Christi
1703 4240 1788 4306 1300
1819 4236 1873 4304 fac
1896 4236 1990 4304 sicut
2012 4237 2055 4304 in
2081 4239 2163 4306 aliis
2181 4246 2223 4304 ert

298 4384 302 4397 ·
374 4349 547 4417 edoctum.
1337 4359 1342 4365 ’

432 4465 586 4534 Iautem
607 4467 687 4534 loca
708 4468 789 4534 solis
812 4469 903 4534 scire
920 4469 1102 4538 desideras
1119 4471 1237 4538 diuide
1254 4491 1365 4539 annos
1388 4471 1517 4538 Christi
1532 4491 1595 4556 per
1618 4473 1638 4536 4
1661 4481 1697 4535 et
1719 4469 1748 4535 si
1770 4479 1926 4537 remanet
1955 4470 2033 4534 les
2059 4470 2100 4535 in
2122 4468 2222 4557 prinu

446 4581 576 4665 tabula,
592 4582 620 4648 si
644 4583 714 4649 duo
736 4583 772 4647 in
795 4588 843 4663 2,²
865 4586 893 4649 si
917 4587 937 4650 3
961 4586 996 4650 in
1020 4588 1068 4666 3‚²
1090 4587 1118 4653 si
1142 4593 1161 4653 4
1186 4589 1221 4652 in
1245 4592 1291 4654 4.·
1797 4562 1818 4653 ,ι

433 4695 450 4760 Ι
472 4708 585 4763 autem
608 4697 759 4766 medium
782 4720 920 4766 cursum
947 4700 1029 4768 lune
1052 4702 1141 4768 scire
1167 4702 1323 4770 uolueris
1345 4703 1437 4770 intra
1459 4701 1613 4771 tabulam
1635 4700 1742 4769 medii
1767 4711 1880 4767 motrrs
1903 4697 1979 4765 eius
2001 4719 2075 4768 seu
2100 4699 2222 4790 equalis

432 4821 467 4876 et
489 4811 536 4876 ad
560 4811 650 4878 diem
673 4826 707 4879 et
730 4834 883 4880 mensem
905 4835 1009 4902 quem
1032 4815 1085 4880 uis
1109 4827 1144 4882 et
1168 4838 1348 4884 numerum
1370 4816 1468 4884 illum
1491 4817 1585 4882 adde
1601 4836 1692 4882 anno
1714 4814 1918 4900 precedenti
1940 4815 2102 4884 inuento
2123 4818 2159 4884 in
2181 4827 2224 4881 ta·

375 4925 457 4993 bula
476 4946 644 4993 annorum
667 4928 907 5013 collectorum,
936 4930 1025 4996 sicut
1049 4930 1181 4998 dictum
1204 4944 1256 4999 est
1279 4952 1385 5018 supra
1407 4932 1443 4997 in
1464 4932 1615 5021 prologo
1646 4942 1681 4997 et
1710 4930 1805 5019 quod
1826 4931 2041 4998 remanserit
2075 4932 2168 5001 infra
2187 4932 2223 4998 de

327 5036 332 5047 “
376 5039 483 5139 signis
506 5042 672 5130 gradibus
704 5055 738 5109 et
767 5044 904 5110 minutis
928 5045 992 5111 erit
1021 5045 1156 5112 medius
1178 5057 1290 5112 motus
1323 5046 1408 5125 eius,
1432 5046 1590 5132 exceptis
1617 5045 1633 5117 7
1657 5044 1759 5135 grad.
1782 5066 1801 5110 e
1825 5047 1868 5111 40
1897 5042 1979 5111 min.
2001 5043 2054 5137 Ε
2080 5045 2223 5135 Expleta

377 5167 493 5223 autem
514 5157 627 5243 prima
649 5158 865 5225 reuolutione
887 5181 1056 5241 annorum
1079 5160 1137 5249 qui
1160 5172 1239 5227 sunt
1263 5160 1315 5240 70,
1338 5161 1431 5228 adde
1454 5136 1520 5247 pro
1544 5160 1698 5249 qualibet
1719 5160 1877 5249 sequenti
1899 5162 1919 5226 3
1943 5142 2148 5248 gradus'et
2166 5162 2224 5227 hoc

362 5270 541 5358 quamdiu
563 5272 628 5338 erit
653 5275 690 5339 8·
710 5294 816 5359 spera
838 5273 873 5339 in
899 5286 1099 5363 augmento,
1122 5296 1202 5341 nam
1226 5276 1261 5341 in
1284 5268 1509 5343 diminutione
1532 5275 1605 5343 eius
1628 5295 1698 5342 non
1720 5284 1858 5360 oportet
1880 5272 2019 5341 addere
2048 5275 2119 5341 nisi
2130 5260 2223 5343 unum

378 5386 536 5474 gradum.
557 5385 602 5476 Ε
624 5386 662 5453 Si
684 5400 802 5455 autem
826 5389 878 5455 uis
900 5391 991 5456 scire
1014 5390 1129 5457 locum
1151 5392 1234 5458 lune
1264 5413 1384 5457 uerum
1414 5390 1473 5459 uel
1507 5401 1681 5479 aquatum,
1714 5409 1784 5457 non
1817 5399 1958 5476 oportet
1984 5389 2084 5458 addi
2112 5387 2221 5459 illosl

379 5500 510 5587 gradus
532 5513 567 5567 et
589 5504 632 5568 40
654 5504 734 5571 min.
758 5504 822 5570 sed
844 5504 936 5571 intra
969 5507 1087 5571 statim
1114 5505 1271 5574 tabulam
1295 5505 1491 5594 argumenti
1521 5505 1568 5571 ad
1598 5527 1724 5572 annum
1755 5503 1900 5584 Christi3
1935 5524 2054 5593 quere
2077 5526 2165 5597 ergo
2184 5504 2223 5572 ibi

380 5615 471 5680 diem
494 5617 620 5682 mensis
643 5639 706 5704 per
729 5640 910 5687 numerum
939 5621 1101 5687 introitus
1125 5621 1251 5687 mensis
1284 5621 1412 5687 lunaris
1434 5622 1469 5685 in
1492 5641 1644 5686 mensem
1674 5620 1825 5686 solarem
1848 5630 1884 5686 et
1905 5619 2004 5706 quod
2028 5621 2069 5686 in
2099 5622 2239 5689 dirceu-

381 5731 452 5797 eius
474 5730 647 5798 inueneris
672 5733 716 5799 de
739 5724 857 5824 signis*
870 5736 972 5824 grad.
995 5748 1030 5801 et
1052 5736 1133 5803 min.
1157 5737 1473 5823 proportionalibus
1489 5736 1668 5825 sigillatim
1685 5735 1732 5801 ad
1755 5747 1889 5822 partem
1904 5735 2026 5802 scribe
2043 5748 2082 5804 et
2098 5754 2224 5805 cumeo

381 5846 470 5912 intra
495 5846 633 5913 tabulas
666 5850 857 5938 equationis
882 5852 961 5917 lune
993 5852 1173 5941 querendo
1203 5853 1357 5921 tabulam
1380 5852 1470 5918 illius
1493 5851 1582 5941 signi
1605 5862 1641 5917 et
1664 5850 1796 5939 gradus
1817 5852 1852 5915 in
1875 5848 1971 5916 linea
2001 5852 2144 5921 numeri
2170 5850 2223 5917 sub

381 5982 424 6030 eo
446 5961 626 6051 querendo
662 5964 766 6030 etiam
800 5967 930 6032 minuta
964 5967 1239 6053 proportionalia
1262 5990 1330 6056 que
1364 5980 1442 6033 sunt
1473 5968 1508 6032 in
1531 5988 1694 6053 suprema
1720 5966 1814 6033 linea
1847 5968 2087 6035 transuersali
2116 5979 2151 6034 et
2174 5964 2221 6032 ubi

382 6077 473 6144 linea
507 6077 677 6164 graduum
712 6093 897 6147 concurret
924 6102 1002 6147 cum
1025 6082 1116 6149 linea
1139 6067 1349 6150 minutorum
1371 6081 1685 6174 proportionalium
1715 6101 1894 6148 numerum
1915 6078 2012 6147 illius
2044 6080 2223 6173 equationis

1210 6282 1397 6368 §044
