4764 7176
566 597 606 720 o)
641 589 931 726 Almagesti
979 588 1338 724 Compondn'nm
1388 613 1588 697 auctore
1641 592 1895 697 Dochabir
1945 590 2039 694 ibn
2100 587 2261 692 Aflah

389 782 695 896 postremum
730 759 931 864 fortasse
968 756 1171 864 Prolacii
1204 780 1348 894 opus,
1388 797 1505 861 nam
1541 757 1591 861 in
1629 799 1744 864 mss.
1781 758 1916 863 Pan's
1944 748 2059 888 1014
2088 754 2260 893 (ceteri

389 966 503 1031 mss.
531 925 724 1032 codices
759 926 908 1033 Paris.
950 905 1183 1034 versionis
1220 950 1333 1032 sunt
1369 928 1587 1033 numeris
1624 966 1749 1060 1024,
1785 962 1884 1052 1025
1923 927 2177 1051 distincti)
2203 928 2261 1031 di·

389 1094 512 1198 citur
555 1094 756 1200 Samuel
806 1093 1125 1203 Massiliensis
1174 1096 1253 1202 cui
1303 1136 1486 1202 nomen
1524 1118 1636 1201 erat·
1665 1093 1824 1199 Miles
1870 1117 2183 1202 retractasse
2221 1119 2260 1201 et

389 1261 650 1368 confecisse
687 1263 964 1369 versionem
999 1263 1273 1401 Prophacii.
1511 1250 1512 1254 ,

565 1430 623 1559 α’)
662 1431 819 1537 Abou
855 1431 1006 1571 lehaq
1042 1432 1194 1538 lbn·el
1230 1431 1422 1571 Zarqali
1459 1472 1586 1569 opus
1612 1433 1677 1539 de
1703 1434 1870 1538 tabula
1901 1434 2036 1540 dicta
2079 1432 2259 1564 cafiha,

388 1607 435 1703 61
462 1640 570 1737 cap.
598 1600 892 1719 distinctum,
921 1602 1088 1706 tabula
1113 1642 1142 1704 a
1165 1600 1309 1738 Zarq.
1338 1601 1536 1706 inventa
1571 1603 1635 1706 ad
1672 1601 1971 1706 metiendam
2000 1621 2263 1707 astrorum

350 1786 353 1791 ’
388 1767 692 1874 altitudinem
729 1768 891 1897 (Paris.
929 1808 1037 1888 1021,
1076 1803 1127 1893 7;
1167 1806 1277 1894 1031,
1319 1770 1399 1876 vel
1435 1771 1615 1873 anm‘on
1635 1769 1783 1912 fond
1813 1774 1941 1904 7195).

728 2285 907 2358 opuna
933 2245 1166 2359 anomia
1191 2286 1478 2360 PROPHACH
1504 2286 1906 2362 asmonomcn.

494 2574 630 2681 Cum
654 2575 730 2680 his
754 2574 933 2702 collata,
963 2553 1122 2712 pauca
1147 2599 1469 2683 numerantur
1505 2617 1671 2716 opera,
1708 2599 1756 2683 et
1792 2578 1997 2717 quidem
2025 2550 2265 2685 <astrono

331 2744 334 2749 ’
388 2744 525 2862 mica,
551 2784 678 2882 quae
700 2742 852 2874 Jacob
878 2765 1045 2849 noster
1069 2784 1158 2849 suo
1193 2745 1390 2882 ingenio
1427 2745 1707 2884 virtuteque
1733 2787 1823 2850 sua
1848 2745 2074 2865 confecit,
2120 2788 2261 2884 prae

387 2910 555 3018 sertim
618 2911 657 3015 si
711 2910 864 3016 dubia
918 2911 1251 3019 omittamus³³
1284 2906 1420 3020 Duo
1476 2936 1666 3020 tantum
1720 2956 1872 3053 opera
1927 2916 2260 3054 manuscripti

389 3080 584 3186 codices
620 3119 806 3194 omnes,
834 3079 978 3186 etiam
1006 3081 1294 3218 perantiqui,
1325 3081 1368 3187 ei
1394 3082 1699 3189 concorditer
1724 3083 1955 3201 tribuunt,
1993 3082 2257 3190 videlicet:

392 3246 742 3378 Quadrantem
800 3246 1039 3368 Israelis·
1073 3271 1121 3378 et
1174 3245 1464 3353 Almanam
1520 3250 1621 3357 sive
1682 3248 1923 3355 Tabulas,
1971 3251 2071 3362 ¹De
2135 3288 2256 3384 qna-

388 3419 569 3521 a'nanto
605 3458 736 3524 nunc
773 3417 916 3522 nobis
965 3457 1114 3555 agere
1164 3418 1379 3524 alienum
1421 3418 1628 3538 videtur,
1678 3460 1847 3558 quum,
1872 3419 2136 3526 consilium
2178 3463 2254 3526 no·

387 3610 543 3692 strum
579 3587 639 3692 sit
675 3587 787 3691 alibi
823 3586 874 3690 id
904 3571 1071 3723 'operis
1098 3586 1365 3695 edendum.
1405 3588 1533 3694 Satis
1572 3610 1645 3695 est
1680 3610 1872 3694 tantum
1908 3589 1957 3693 in
1994 3592 2250 3725 praesenti

388 3756 551 3863 dicere
589 3757 915 3895 quadrantem
951 3796 981 3860 a
1017 3776 1183 3859 nostro
1216 3740 1399 3886 Jacobo
1436 3757 1691 3881 inventum
1728 3757 1794 3861 nil
1836 3757 1968 3862 aliud
2007 3797 2121 3862 esse
2164 3758 2249 3862 nisi

386 3925 702 4031 astrolabium
737 3924 787 4028 in
824 3923 978 4029 breve
1014 3919 1255 4031 coactum.
1295 3922 1501 4030 Maioris
1531 3924 1768 4030 momenti
1794 3965 1921 4062 opus
1959 3946 2031 4029 est
2069 3921 2251 4027 Alma·

389 4093 517 4195 nam
543 4093 644 4198 sive
670 4090 871 4194 tabulae
896 4095 1260 4194 astronomicae
1277 4133 1401 4230 quas
1418 4092 1720 4230 Prophacius
1739 4094 2017 4229 compilavit
2039 4115 2249 4231 etcom·

391 4283 592 4399 putatus
618 4283 702 4378 est,
722 4261 898 4367 tabulis
924 4260 1211 4368 Azarchelis
1234 4301 1355 4365 usus
1366 4275 1412 4381 ³⁴,
1437 4262 1503 4366 ad
1520 4262 1669 4366 instar
1684 4262 1963 4367 tabularum
1988 4262 2252 4367 cuiusdam

498 4589 524 4631 ³³
548 4589 846 4677 Exempligratia:
874 4593 902 4655 1.
926 4587 988 4654 Ad
1007 4589 1135 4654 librmn
1152 4589 1418 4653 astronomicum
1435 4587 1632 4652 Abrahami
1644 4589 1708 4652 bar
1724 4587 1854 4675 Hoyya
1867 4584 2066 4674 praefatio,
2084 4568 2254 4653 cuilibro

388 4717 419 4760 a.
447 4694 531 4758 1130
555 4691 715 4759 consecto
737 4690 814 4777 (cfr.
839 4690 916 4757 Cat.
932 4688 1025 4769 Par„
1053 4691 1149 4775 1044)
1172 4691 1294 4756 titulus
1313 4700 1390 4754 erat
1405 4688 1515 4754 Liber
1530 4691 1683 4774 computi
1701 4710 1823 4755 cursus
1838 4689 2029 4767 stellarum,
2046 4686 2254 4773 Prophacio

388 4797 543 4882 ascripta
567 4802 591 4862 a'
610 4796 762 4862 Pasinio.
785 4830 800 4844 -
825 4799 855 4860 2.
882 4782 1103 4882 Comparatio
1134 4792 1346 4858 chordarum
1378 4792 1700 4858 razathomaticarnm
1728 4814 1748 4855 a
1774 4811 1854 4855 mss,
1877 4788 1989 4854 Paris.
2017 4791 2117 4868 1092,
2141 4793 2251 4855 arti

386 4898 585 4983 Prophacio
603 4897 767 4982 ascripta.
792 4896 893 4962 Alter
916 4896 1170 4980 manuscriptus
1195 4894 1309 4961 codex
1332 4894 1581 4987 asservabatur
1597 4895 1632 4957 in
1648 4894 1863 4961 bibliotheca
1879 4892 2104 4970 Taurinensi,
2122 4914 2157 4960 n.
2176 4895 2252 4969 210,

385 5020 482 5067 saec.
504 4998 587 5078 XV,
610 5020 682 5065 car.
705 4999 817 5076 rabb.,
840 5019 924 5086 pag.
950 5000 967 5064 8
994 4997 1073 5080 (cfr.
1096 4995 1266 5074 Parnon,
1283 4996 1424 5063 Codices
1438 4997 1531 5061 hebr.
1549 5008 1629 5077 etc,
1645 4996 1802 5072 Taurini,
1825 4997 1917 5072 1880,
1935 5015 2017 5081 pag.
2035 4992 2116 5079 252)
2136 5017 2159 5057 a
2178 4995 2252 5059 diro

376 5101 548 5175 ¹incendio
572 5101 720 5167 sortasse
744 5099 941 5183 absumpto.
964 5136 979 5150 -
1003 5102 1034 5165 3.
1058 5098 1231 5166 Scientiaa
1254 5119 1496 5164 rrzcrnnrorum
1520 5099 1606 5163 libor
1632 5098 1781 5183 (Sepher
1805 5097 1975 5174 hoknrath
1998 5095 2171 5162 hashiour
2197 5118 2252 5161 ve·

387 5203 635 5286 hammedida),
652 5223 740 5288 opus
764 5224 784 5266 a
808 5200 1097 5288 Steinschneider
1112 5200 1296 5267 vindicato
1320 5200 1476 5266 Abramo
1500 5200 1564 5266 bar
1587 5201 1714 5289 Hayya
1738 5200 1968 5283 (roos-1136).
1992 5235 2007 5247 -
2031 5203 2062 5263 4.
2088 5197 2251 5263 Al-Far·

385 5305 503 5393 glani
521 5305 760 5392 compendium
784 5325 805 5368 a
827 5303 931 5368 catal.
962 5302 1073 5368 Paris.
1105 5302 1238 5368 Iacobo
1261 5313 1381 5368 nostro
1404 5304 1597 5388 ascriptum
1631 5303 1722 5385 (Cat.
1747 5302 1840 5380 Par,
1875 5304 1967 5380 1048,
2004 5303 2061 5375 li;
2088 5303 2190 5378 1008,
2221 5302 2251 5382 2)

388 5407 452 5473 sed
477 5410 588 5472 verius
612 5406 734 5471 Iacobi
758 5404 914 5470 Anatolii
937 5426 1026 5488 opus
1049 5401 1180 5486 (Catal.
1204 5404 1326 5484 Paris,
1350 5407 1444 5483 1044,
1460 5417 1526 5470 art.
1550 5408 1596 5487 2).
1620 5440 1635 5454 -
1659 5405 1690 5470 5.
1715 5406 1858 5469 Parvus
1881 5411 2048 5469 tractatas
2071 5405 2116 5467 da
2139 5405 2250 5468 calon·

390 5509 494 5573 dario
525 5509 580 5573 cui
611 5507 730 5574 titulus
760 5507 931 5572 Maamar
955 5504 1038 5593 igr&
1062 5505 1307 5593 hod-dakiyoth
1330 5507 1464 5573 scilicet
1491 5507 1609 5594 Caput
1630 5507 1671 5570 de
1694 5506 1828 5592 regulis
1851 5505 2093 5582 oberratiom's,
2120 5526 2211 5590 opus
2232 5527 2250 5567 a

387 5608 628 5675 Parni-Estori
645 5610 823 5693 prolatum
839 5609 874 5672 in
890 5606 1026 5696 Kastor
1043 5605 1223 5695 vaserat,
1239 5608 1403 5687 Berolini,
1420 5608 1630 5688 Edelmann‚
1654 5607 1765 5696 in·4⁰;
1790 5609 1853 5672 sed
1878 5609 2028 5672 fortasse
2052 5606 2148 5672 idem
2173 5629 2248 5673 cum

389 5711 588 5791 Almanach
619 5710 677 5774 vel
707 5710 821 5775 eidem
851 5711 1140 5797 prolegomenon.
1163 5745 1178 5757 -
1203 5713 1233 5774 b.
1257 5707 1425 5775 Stimulus
1452 5710 1706 5796 dt'scipnlornm
1735 5710 1904 5793 (malmad
1935 5708 2197 5793 hattalmidim)‚
2228 5732 2245 5772 a

348 5837 350 5841 ’
389 5814 612 5879 Bartoloccio
628 5811 721 5877 Bibl.
738 5834 857 5899 magn.
874 5812 979 5890 rabb.,
996 5825 1043 5876 to.
1060 5811 1125 5889 ΙΙΙ,
1142 5832 1225 5899 pag.
1243 5813 1306 5878 889
1324 5822 1358 5876 θῖ
1374 5834 1395 5876 1
1412 5808 1553 5890 Wolfio,
1577 5823 1623 5876 t0.
1640 5811 1669 5889 Ι,
1686 5831 1768 5898 pag.
1786 5812 1849 5875 bbb
1872 5808 2032 5874 Profacio
2049 5810 2249 5895 ascriptum.

498 5913 525 5951 ³⁴
547 5914 730 5980 Vocantur
752 5915 820 5979 hae
846 5915 986 5979 tabulae
1010 5913 1189 5979 toletanae
1213 5914 1294 6000 quia
1314 5914 1504 5999 secundum
1522 5914 1750 5979 meridianum
1767 5915 1860 5980 urbis
1876 5914 1994 5979 Toleti
2012 5928 2249 6000 computatae.

390 6018 601 6103 Discrepant
631 6028 747 6083 autem
771 6038 850 6083 cum
873 6016 1060 6081 almanach
1083 6014 1274 6102 Prophacii
1296 6031 1566 6104 ceterorumque
1589 6019 1682 6103 quia,
1705 6016 1807 6082 sicuti
1836 6030 1940 6083 notae
1968 6016 2114 6082 tabulae
2143 6018 2248 6085 Alba·

391 6121 473 6186 tenii
496 6141 606 6206 nuper
630 6120 674 6185 ab
699 6119 842 6208 egregio
867 6118 941 6183 viro
965 6116 1005 6183 C.
1029 6106 1174 6184 Nallino
1207 6115 1476 6200 (An-Barraur
1508 6120 1578 6185 sive
1605 6116 1826 6198 Aunauuuu,
1862 6119 1960 6207 Opus
1984 6123 2248 6187 astronomicum

1197 6321 1436 6412 01111116
