4710 7222
78 630 197 726 ergo
235 590 378 695 lunae
426 611 497 696 cst
543 630 685 695 arcus
730 589 814 727 qui
861 589 1117 695 intercedit
1152 590 1278 696 intra
1322 592 1490 699 locum
1526 599 1677 703 centri
1725 603 1926 741 epicycli

77 781 125 864 et
160 761 325 863 locum
344 760 501 865 lunae.
543 758 956 895 Distinguebatur
973 781 1144 867 autem
1165 786 1518 900 argumentum
1538 768 1759 874 medium
1786 791 1834 876 et
1859 812 1927 877 ar·

74 948 373 1066 gumentum
410 967 597 1045 verum,
619 948 792 1064 utpote
829 927 985 1032 videri
1022 951 1188 1065 potest
1223 930 1274 1034 in
1310 929 1394 1069 fig.
1434 971 1472 1052 2,
1496 933 1560 1037 ¹in
1596 974 1696 1074 qua
1731 939 1838 1044 loca
1861 940 1928 1044 di·

74 1135 218 1200 versa
252 1095 396 1198 lunae
434 1115 662 1232 respectu
686 1095 946 1199 zodiacum
971 1094 1294 1204 illustrantur:
1323 1139 1466 1205 arcus
1494 1101 1625 1207 enim
1650 1105 1926 1252 argumenti

74 1284 159 1367 aut
203 1262 498 1401 conspicitur
541 1305 572 1368 a
615 1284 783 1369 centro
833 1265 1087 1370 eccentrici
1133 1286 1219 1373 aut
1264 1288 1498 1374 acentro
1537 1271 1724 1379 mundi.
1773 1269 1927 1401 (Vide

75 1435 225 1534 etiam
243 1429 340 1566 fig
380 1446 491 1534 ret
531 1428 709 1564 Opust
746 1432 826 1538 cit.
898 1427 1102 1535 Alauna
1136 1431 1251 1537 date
1204 1437 1331 1565 t„.)

184 1676 270 1768 Pag.
295 1678 366 1756 al
365 1677 410 1745 in.
433 1697 487 1760 31.
512 1649 736 1755 ...Quando
759 1650 823 1763 per
844 1676 937 1744 istud
968 1677 1155 1746 almanach
1186 1679 1275 1747 scire
1298 1681 1453 1748 volueris
1483 1681 1561 1748 loca
1585 1683 1688 1749 trium
1711 1634 1926 1772 superiorirm

72 1782 293 1867 planetarum
316 1780 483 1847 subtrahe
507 1779 554 1847 ab
579 1781 677 1846 annis
699 1779 831 1847 Christi
856 1781 941 1847 1300
963 1792 999 1847 et
1021 1800 1100 1848 cum
1127 1782 1270 1851 residuo
1291 1783 1386 1850 intra
1409 1784 1548 1853 tabulas
1571 1805 1691 1853 eorum
1714 1799 1749 1853 et
1771 1787 1927 1854 invenies

71 1904 176 1969 snper
191 1883 291 1972 signa
307 1884 477 1970 scriptum
501 1904 682 1949 numerum
706 1903 878 1949 annorum
901 1880 1034 1950 Christi
1056 1885 1251 1952 secundum
1277 1885 1532 1954 revolutionem
1555 1908 1688 1956 eorum.
1712 1888 1752 1954 In
1774 1887 1925 1956 Saturno

72 1985 215 2072 quidem
230 1984 276 2052 ab
298 2007 368 2052 uno
390 2007 501 2072 usque
517 1984 564 2051 ad
589 1984 642 2065 59,
664 1985 699 2050 in
722 1984 806 2053 Iove
829 2005 940 2072 nsque
964 1986 1010 2053 ad
1035 1987 1088 2067 83,
1109 1985 1146 2052 in
1167 1984 1286 2053 Marte
1310 1988 1483 2077 usquead
1501 1987 1551 2060 79.
1575 1989 1734 2056 Invenies
1756 1991 1924 2059 etiam...
1904 1990 1908 1997 ’

73 2084 210 2174 Accipe
233 2108 317 2177 ergo
342 2087 435 2155 diem
459 2088 586 2153 mensis
597 2107 716 2207 ‘quem
737 2087 791 2154 vis
807 2098 851 2155 et
871 2088 963 2155 intra
986 2088 1021 2153 in
1045 2088 1183 2157 directo
1206 2089 1415 2176 elususque
1438 2090 1485 2155 ad
1507 2112 1689 2158 numerum
1706 2094 1788 2158 anni
1803 2113 1924 2209 supra·

70 2189 191 2276 scripti
207 2201 242 2255 et
259 2191 355 2278 quod
377 2190 457 2258 ibi
448 2189 625 2258 inveneris
649 2188 744 2256 de'
716 2189 826 2310 signis
834 2188 1015 2310 ‘gradibus
1038 2202 1074 2257 et
1089 2190 1238 2271 minutis,
1261 2188 1310 2256 ibi
1326 2191 1390 2257 erit
1412 2191 1613 2277 planetam
1635 2204 1711 2260 tota
1732 2215 1797 2260 sua
1810 2196 1925 2282 prima

71 2292 347 2360 revolutionem
371 2314 441 2380 qua
465 2292 554 2359 nihil
575 2303 717 2378 oportet
738 2292 862 2359 minuis
885 2312 952 2361 nec
975 2291 1070 2360 addi.

176 2490 443 2598 Revolutio
478 2489 735 2633 cuiusdam
772 2491 999 2629 planctae
1026 2513 1100 2598 est
1124 2493 1369 2598 annorum
1394 2531 1645 2615 numerus
1674 2535 1775 2633 quo
1798 2537 1923 2602 com·

70 2663 217 2799 pleto,
257 2661 452 2766 tabulae
489 2662 553 2766 ad
590 2659 779 2766 initium
805 2661 1027 2768 redeunt.
1067 2660 1184 2768 Hoc
1221 2661 1271 2767 in
1307 2660 1521 2768 Satumo
1548 2665 1710 2769 evenit
1735 2686 1846 2802 post
1870 2698 1923 2798 59

69 2869 234 2948 annos,
259 2829 309 2934 in
334 2828 451 2936 love
476 2850 589 2967 post
615 2841 668 2956 83
689 2869 856 2950 annos,
878 2830 928 2935 in
946 2829 1114 2937 Marte
1133 2850 1245 2967 post
1269 2863 1322 2963 79
1347 2869 1515 2937 annos.
1543 2828 1701 2965 Quod
1719 2832 1923 2970 quidem

68 2999 136 3105 ita
172 2998 490 3105 constitutum
527 3021 601 3105 est
635 3041 666 3104 a
700 2998 976 3138 Prophacio
1013 3019 1069 3132 ut
1093 3037 1227 3105 error
1250 2998 1302 3102 in
1326 3000 1649 3138 sequentibus
1674 3002 1923 3108 revolutio
2070 3002 2072 3008 ’

69 3168 215 3272 nibus
241 3166 300 3273 sit
325 3166 570 3275 minimus,
605 3168 673 3275 Et
704 3207 834 3288 vere,
857 3202 977 3276 cum*
1009 3202 1062 3301 59
1099 3167 1210 3272 anni
1248 3166 1560 3280 revolutionis
1596 3169 1793 3276 Saturni
1830 3171 1924 3276 sint

69 3370 199 3470 21549
219 3334 324 3443 dies
343 3336 381 3441 si
400 3375 451 3469 14
472 3378 514 3443 a.
536 3336 667 3457 biss,
691 3337 1086 3475 complectuntur
1102 3381 1112 3458 ;
1131 3369 1256 3463 21550
1274 3335 1380 3443 dies
1398 3358 1568 3443 autem
1586 3337 1625 3443 si
1644 3373 1684 3464 15
1704 3338 1919 3458 bissext,

68 3503 228 3642 posito
264 3503 430 3610 medio
465 3527 604 3610 motu
640 3505 817 3613 diurno
853 3504 1049 3611 Saturni
1085 3502 1135 3609 in
1171 3501 1386 3611 Zodiaco
1413 3503 1550 3610 iuxta
1574 3505 1674 3610 tab.
1704 3504 1919 3611 Arzach.

68 3668 102 3775 2'
156 3667 207 3776 o''
253 3666 333 3774 26'''
369 3666 457 3804 39''''
493 3668 575 3798 17'''''
592 3734 594 3738 ·
612 3668 725 3806 48''''''
761 3668 868 3799 23'''''''
904 3671 1176 3779 invenietur
1211 3673 1348 3810 quod
1383 3670 1434 3775 in
1468 3669 1569 3777 fine
1604 3670 1680 3775 sui
1714 3671 1918 3777 revolut.

66 3839 170 3946 Sat.
209 3841 522 3978 progreditur
557 3840 744 3948 circiter
779 3855 865 3967 57¹³
902 3854 967 3969 33⁸
1002 3842 1040 3947 si
1075 3841 1189 3951 anni
1225 3840 1339 3949 biss.
1396 3862 1511 3947 sunt
1547 3880 1597 3973 14
1635 3862 1683 3947 et
1719 3855 1801 3973 59ΠΙ
1839 3839 1921 3946 cir·

67 4009 186 4114 citer
210 4008 251 4113 si
276 4043 330 4134 ι5.
358 4007 428 4114 Et
452 4009 519 4115 sic
545 4010 814 4147 respective
839 4013 895 4143 in
916 4011 1120 4118 coeteris
1145 4009 1366 4148 planetis
1407 4007 1729 4146 Computatio
1753 4028 1921 4112 autem

68 4175 377 4284 correctionis
412 4218 512 4285 non
547 4200 804 4285 tantuma
839 4180 1037 4318 proprio
1072 4178 1238 4285 medio
1274 4198 1413 4284 motu
1448 4176 1710 4314 dependet,
1746 4213 1920 4281 verum

69 4347 216 4450 etiarn
250 4386 280 4449 a
316 4345 481 4452 medio
515 4369 653 4452 motu
688 4350 827 4486 augis
864 4349 1018 4486 (quod
1048 4347 1264 4485 implicat
1299 4368 1491 4452 motum
1515 4356 1577 4452 8⁸⁶
1611 4344 1852 4483 spherae),
1891 4384 1922 4447 a

68 4514 235 4620 medio
266 4537 405 4620 motu
441 4514 678 4622 luminarii
713 4517 765 4621 in
801 4516 1019 4654 epicyclo
1048 4537 1097 4622 et
1130 4518 1197 4622 ab
1235 4554 1409 4622 eorum
1443 4512 1829 4652 aequationibus.

178 4784 265 4875 Pag.
290 4789 322 4865 3,
337 4746 405 4855 ‚lim
428 4790 488 4870 38.
512 4786 869 4875 ...insequentibus
893 4797 1009 4855 autem
1032 4785 1307 4854 revolutionibus
1331 4785 1424 4852 adde
1447 4803 1512 4872 pro
1528 4781 1688 4871 qualibet
1702 4780 1921 4848 revolutione

65 4890 207 4957 Saturni
227 4890 240 4953 1
259 4885 411 4978 gradum
428 4901 463 4957 et
479 4893 522 4956 30
536 4890 687 4956 minutae
703 4887 832 4957 Martis
848 4910 933 4958 vero
953 4893 966 4957 l
985 4890 1088 4980 grad.
1104 4900 1140 4956 et
1154 4892 1197 4967 to
1213 4888 1345 4955 minuta
1360 4899 1397 4954 et
1412 4887 1482 4954 hoc
1499 4885 1667 4974 quamdiu
1683 4895 1737 4950 est
1761 4880 1796 4950 8·
1817 4903 1921 4970 spera

64 4994 101 5056 in
118 5001 318 5080 augmento,
342 4991 439 5079 quod
462 4990 619 5079 quidem
629 4991 694 5058 erit
716 5012 827 5080 usque
853 4991 900 5059 sd
922 5012 1033 5064 annos
1057 4989 1187 5058 Christi
1214 4992 1309 5065 1000.
1331 4989 1388 5066 Ex
1412 5007 1482 5076 quo
1506 4999 1623 5055 autem
1638 4984 1763 5073 incipit
1778 4984 1924 5050 diminui

64 5114 136 5159 non
159 5105 298 5179 oportet
320 5093 437 5160 addi
427 5116 462 5158 ιιι
477 5093 702 5212 sequentibus
725 5093 1046 5175 revolutionibus,
1036 5114 1072 5159 ιιι
1093 5091 1247 5160 Saturno
1271 5091 1412 5180 quidem
1436 5089 1500 5157 nisi
1524 5091 1567 5156 30
1590 5088 1722 5155 minuta
1743 5087 1779 5152 in
1802 5085 1922 5161 Marte

65 5216 151 5262 vero
175 5197 228 5262 to
251 5194 438 5293 Completa
460 5207 579 5263 autem
601 5196 715 5284 prima
735 5196 955 5264 revolutione
970 5196 1068 5262 Ioves
1089 5170 1289 5264 subtrahe
1277 5212 1316 5262 ιιι
1338 5192 1497 5283 quolibet
1519 5190 1678 5280 sequenti
1702 5210 1723 5255 a
1745 5188 1826 5257 loco
1849 5189 1921 5255 eius

65 5301 111 5365 30
127 5298 257 5365 minuta
279 5309 314 5366 et
336 5300 402 5367 hoc
427 5297 594 5389 quamdiu
616 5299 711 5366 alera
735 5301 768 5367 8·
790 5298 919 5367 suerit
908 5320 944 5364 ιιι
960 5308 1161 5389 augmento,
1176 5297 1212 5364 in
1227 5296 1453 5365 decremento
1469 5315 1555 5364 vero
1570 5292 1740 5362 subtrahe
1755 5311 1819 5378 pro
1835 5310 1921 5379 quo·
2023 5293 2032 5305 ”

62 5399 152 5467 libet
173 5399 388 5467 revolutione
415 5402 428 5468 1
455 5419 509 5490 gr.
533 5412 570 5469 et
592 5402 635 5468 30
658 5401 792 5468 minuta
815 5412 851 5467 et
873 5401 1021 5470 habebis
1043 5400 1161 5470 locum
1183 5401 1258 5469 eius
1281 5420 1414 5468 verum.
1587 5413 1593 5421 '

180 5500 287 5579 Quod
309 5504 338 5569 si
361 5502 676 5572 retrocedendo
643 5525 696 5571 vre
718 5503 912 5571 scireloca
928 5523 1047 5570 eorum
1062 5502 1098 5569 ln
1114 5501 1213 5568 annis
1228 5499 1358 5567 Christi
1375 5480 1673 5588 praecedentibus
1689 5516 1818 5561 annum
1839 5495 1922 5560 1300

65 5602 234 5670 subtrahe
260 5626 282 5671 a
307 5605 463 5694 qualibet
486 5604 704 5673 revolutione
727 5603 815 5673 illud
838 5605 934 5694 quod
956 5604 1193 5673 mandabatur
1215 5602 1300 5670 addi
1323 5601 1382 5669 vel
1405 5601 1500 5669 adde
1524 5598 1620 5689 quod
1642 5596 1801 5665 subtrahi
1823 5594 1921 5662 iube-

64 5707 173 5773 batur
194 5708 388 5775 secundum
410 5718 637 5797 augmentum
659 5709 718 5775 vel
742 5706 1006 5775 diminutionem
1027 5718 1178 5775 octavae
1200 5725 1335 5793 sperae.

174 5904 281 6012 Etsi
324 5906 652 6014 revolutiones
687 5949 717 6013 a
752 5905 972 6014 Profacio
1007 5884 1249 6013 indicatae
1286 5901 1380 6049 sint
1416 5902 1465 6007 in
1501 5900 1715 6008 Saturno
1752 5933 1805 6032 59
1842 5936 1920 6003 an·

62 6114 259 6196 norum,
298 6076 347 6181 in
379 6075 501 6207 Jove
536 6088 589 6204 83
626 6098 675 6184 et
716 6075 766 6182 in
810 6073 979 6183 Marte
1013 6110 1068 6209 79
1104 6111 1363 6192 annorum,
1402 6091 1582 6189 tamen,
1623 6068 1738 6209 quia
1768 6066 1819 6171 in
1861 6066 1921 6171 al·

861 6344 911 6417 se
943 6323 1124 6415 xxle
