4710 7222
205 559 361 624 Gentiles
384 562 476 625 enim
501 562 788 646 philosophorum
810 562 982 628 rationem
1005 562 1117 627 secuti
1141 562 1215 626 dies
1240 585 1260 626 a
1283 562 1433 646 planetis
1457 561 1642 646 praedicto
1667 562 1770 627 modo
1795 559 1951 625 denomi-

96 678 279 731 naverunt.
304 666 349 732 Et
373 668 440 732 iste
464 669 581 735 adhuc
605 683 658 735 est
682 667 897 735 communior
920 667 1045 732 modus
1069 667 1315 733 denominandi
1331 668 1427 751 ipsos
1443 668 1570 733 elfere
1587 667 1632 732 ab
1649 668 1807 733 omnibus
1824 648 1951 732 solem-

94 772 183 838 niter
208 775 426 845 observatur.
452 777 704 843 Verumtamen
720 790 842 843 sancta
853 775 1016 843 Ecclesia
1033 775 1130 863 (quia
1144 757 1295 862 gentiles
1313 777 1477 862 planetas
1495 776 1582 843 deos
1607 797 1682 840 esse
1699 775 1888 861 putabant)
1904 796 1948 839 ne

94 883 202 947 errori
226 905 344 949 eorum
368 887 535 952 assentire
559 886 738 951 videretur
761 884 1065 951 denominationes
1087 883 1286 950 huiusmodi
1308 883 1504 947 immutavit
1520 895 1554 948 et
1570 884 1720 967 primum
1737 883 1829 947 diem
1846 881 1953 966 septi-

96 1010 221 1054 manae
244 991 362 1074 (quam
386 991 521 1077 antiqui
544 1014 565 1055 a
588 995 664 1056 sole
689 991 968 1075 nominaverant)
991 990 1036 1057 ab
1058 995 1135 1077 ipso
1158 993 1232 1058 sole
1256 991 1407 1056 iustitiae
1428 1003 1463 1056 et
1478 1013 1594 1056 rerum
1614 992 1767 1055 omnium
1791 1003 1951 1056 creatore

94 1108 130 1159 et
153 1097 378 1180 omnipotenti
403 1096 544 1162 domino
569 1096 778 1164 dominicam
802 1098 1045 1185 apppellavit:
1069 1119 1112 1164 eo
1136 1099 1279 1185 quidem
1304 1099 1385 1187 quia
1408 1101 1443 1164 in
1465 1101 1542 1185 ipsa
1566 1100 1624 1164 die
1648 1100 1814 1164 mundum
1831 1118 1952 1165 creare

94 1202 236 1286 incepit,
259 1201 293 1265 in
317 1202 441 1268 eadem
467 1203 523 1268 die
546 1203 643 1270 nasci
666 1203 834 1272 deutero
858 1205 1034 1294 gloriosae
1065 1204 1220 1290 Virginis
1251 1207 1375 1286 voluit,
1406 1208 1483 1292 ipsa
1507 1208 1571 1288 ,die
1595 1206 1641 1271 ab
1669 1206 1787 1272 inferis
1811 1206 1952 1272 deviota

98 1325 207 1374 morte
230 1309 419 1374 resurrexit
443 1324 478 1376 et
501 1308 659 1395 spiritum
682 1325 843 1406 sanctum
866 1315 902 1379 in
925 1314 1107 1400 apostolos
1131 1289 1235 1380 misit.
1261 1312 1364 1398 (Cap.
1389 1312 1502 1394 VIII).

208 1415 311 1493 Quae
334 1418 469 1504 plenius
492 1418 703 1505 perscrutati
728 1439 847 1484 sumus
870 1419 905 1483 in
927 1439 997 1483 uno
1018 1412 1108 1507 libro
1130 1438 1234 1506 quem
1258 1419 1301 1482 de
1326 1418 1431 1483 modo
1455 1417 1651 1503 equationis
1669 1418 1889 1501 planetarum
1907 1421 1952 1483 ad

97 1524 272 1589 istantiam
295 1525 373 1589 D.ni
397 1523 532 1589 Urbani
554 1522 674 1610 Papae
699 1523 826 1601 Quarti
849 1523 1020 1589 edidimus
1043 1523 1207 1609 ponendo
1235 1525 1322 1588 baec
1345 1525 1462 1590 omnia
1477 1524 1512 1587 in
1529 1525 1680 1590 numeris
1697 1525 1802 1591 certis
1819 1537 1853 1590 et
1870 1547 1953 1590 exa-

97 1630 234 1694 minatis
258 1654 278 1695 a
302 1630 412 1696 nobis.
438 1630 671 1712 (cinnanos,
696 1631 752 1698 Dc
775 1631 927 1719 Sphera,
951 1652 1030 1716 cap.
1055 1630 1144 1696 XIII
1168 1632 1201 1694 in
1225 1631 1318 1716 fine).
1630 1619 1634 1632 ¹

207 1838 293 1928 Pag.
318 1845 348 1917 2,
373 1838 431 1906 lin.
456 1860 516 1922 30.
537 1841 603 1905 Est
633 1852 751 1906 autem
782 1840 965 1928 longitudo
994 1841 1068 1905 eius
1097 1803 1435 1925 (Montispessulani)
1462 1843 1507 1907 ab
1531 1845 1664 1906 oriente
1693 1843 1753 1907 148
1782 1843 1954 1928 graduum

98 1947 155 2010 vel
179 1946 223 2012 ab
248 1943 346 2010 Arim
371 1947 424 2024 58,
448 1947 493 2013 ab
517 1947 703 2013 occidente
727 1968 812 2012 vero
835 1950 878 2012 22
900 1947 1086 2036 graduum,
1111 1948 1263 2013 latitudo
1287 1960 1405 2014 autem
1429 1949 1501 2013 eius
1524 1950 1566 2015 43
1590 1948 1775 2036 graduum.

206 2162 481 2270 Arzachael
518 2165 601 2304 qui
639 2165 828 2269 tabulas
864 2207 907 2270 a.
947 2176 1052 2289 1078
1089 2165 1139 2267 in
1175 2164 1367 2270 civitate
1417 2165 1597 2270 Toleto
1649 2165 1866 2270 exaravit
1901 2164 1951 2268 in

97 2333 408 2469 planetarum
431 2330 691 2451 Theorica,
721 2332 859 2438 cuius
886 2328 1043 2439 versio
1080 2333 1227 2436 latina
1263 2330 1491 2438 Gerardo
1519 2326 1842 2437 Cremonensi
1879 2335 1953 2436 tri·

100 2503 278 2620 buitur,
326 2500 539 2605 similiter
576 2502 710 2606 dicit:
751 2491 1090 2639 “longitudo
1127 2524 1295 2607 autem
1331 2502 1422 2607 loci
1459 2504 1524 2607 ad
1561 2502 1800 2607 medium·
1820 2502 1953 2606 diem

97 2670 237 2775 cuius
262 2671 266 2678 ’
287 2669 474 2774 radices
524 2670 803 2807 praedictae
855 2670 903 2772 in
948 2668 1043 2774 hoc
1087 2671 1209 2774 libro
1247 2693 1360 2775 sunt
1396 2671 1553 2806 posite
1590 2671 1675 2806 qui
1713 2652 1952 2776 Toletum

99 2839 289 2958 dicitur,
330 2861 404 2946 est
440 2860 651 2977 quatuor
694 2839 928 2946 horarum
972 2838 1185 2977 spatium
1236 2861 1285 2944 et
1335 2839 1558 2945 decimae
1609 2839 1755 2943 unius
1805 2837 1954 2943 horae

97 3010 185 3134 (61⁰
220 3003 303 3137 30')
342 3050 372 3111 a
407 3008 572 3113 medio
610 3007 796 3127 mundi,
836 3006 920 3154 qui
957 3008 1093 3113 locus
1137 3008 1313 3114 dicitur
1350 3049 1464 3116 esse·
1493 3008 1542 3112 in
1588 3007 1726 3112 India
1761 3007 1810 3110 in
1849 3006 1955 3112 civi·

98 3197 200 3280 tate
237 3176 431 3294 scilicet,
471 3217 601 3314 quae
637 3199 839 3282 vocatur
877 3179 1025 3282 Arirn
1063 3177 1202 3283 cuius
1239 3176 1494 3314 longitudo
1524 3175 1587 3278 ab
1616 3175 1870 3280 occidente
1906 3176 1956 3279 in

98 3345 339 3450 orientem
382 3367 454 3450 est
496 3346 875 3483 nonagesimum
910 3347 1137 3483 gradum,
1178 3344 1381 3449 latitudo
1419 3382 1536 3449 vero
1575 3344 1679 3448 eius
1715 3342 1848 3444 nulla
1885 3362 1978 3446 est·

104 3554 164 3619 eo
190 3515 327 3651 quod
352 3515 446 3620 sub
475 3512 765 3650 equinoxiali
798 3514 924 3619 linea
955 3513 1045 3619 sita
1078 3536 1208 3635 est„
1244 3514 1301 3618 ln
1322 3511 1571 3618 Theorica
1596 3511 1742 3615 item:
1773 3508 1956 3614 “Arinr

101 3682 247 3786 distat
272 3682 335 3787 ab
362 3682 581 3820 utrisque
612 3682 826 3817 gadibus
858 3679 1057 3812 (Cadix)
1081 3683 1272 3788 scilicet
1309 3679 1587 3787 Alexandri
1626 3700 1674 3785 et
1710 3677 1953 3793 Herculis,

99 3851 397 3988 aequaliter:
436 3850 582 3957 distat
620 3846 751 3955 enim
787 3893 817 3954 a
852 3850 1065 3986 gadibus
1108 3851 1384 3956 Alexandri
1429 3848 1596 3986 positis
1644 3847 1693 3952 in
1745 3845 1956 3951 Oriente

100 4058 167 4153 90
192 3994 430 4157 gradibus
455 4040 504 4127 et
540 4062 569 4124 a
604 4019 818 4156 gadibus
854 4019 1086 4126 Herculis
1122 4020 1290 4156 positis
1325 4020 1375 4123 in
1411 4017 1667 4125 occidente
1700 4053 1764 4147 90
1801 4014 1957 4151 gradi·

100 4188 197 4292 bus
233 4209 283 4294 et
318 4190 382 4294 ab
421 4211 632 4335 utroque
669 4189 784 4325 polo
821 4227 901 4321 90.
927 4275 953 4309 „
993 4189 1238 4296 Attamen
1273 4168 1323 4293 in
1366 4168 1574 4294 tractatu
1625 4183 1956 4290 Mobammed

101 4356 391 4496 Alkarizmy
416 4357 501 4494 qui
527 4356 690 4462 floruit
715 4356 925 4493 Bagdad
947 4355 1086 4493 juxta
1112 4358 1389 4464 versionem
1419 4355 1661 4462 Adelardi
1697 4350 1957 4457 Bathensis

100 4525 195 4655 (XI
231 4529 377 4656 saec.)
415 4525 535 4663 haec
571 4525 862 4632 invenimus,
902 4525 1018 4656 (Ms.
1055 4529 1178 4649 Bibl
1217 4527 1459 4647 Charthr.,
1500 4569 1547 4634 rr.
1588 4531 1695 4656 172):
1738 4539 1764 4571 “
1788 4522 1952 4628 Posita

99 4715 174 4798 est
217 4692 266 4798 in
310 4694 403 4800 hoc
446 4684 694 4799 volumine
738 4695 802 4799 ab
841 4692 1173 4801 -Elkauresmo
1221 4696 1513 4801 examinatio
1552 4696 1861 4833 planetarum
1904 4712 1952 4796 et

98 4861 336 4999 temporis
379 4863 657 4969 secundum
701 4862 923 4981 medium
966 4865 1131 4970 locum
1174 4885 1332 4971 terrae
1377 4863 1565 4969 dictum
1601 4861 1747 4980 Arin,
1785 4902 1816 4965 a
1851 4899 1952 4995 quo

83 5031 306 5167 ‚quidem
347 5031 414 5136 ad
457 5052 669 5169 quatuor
708 5030 880 5136 mundi
924 5031 1156 5137 terminos
1198 5031 1415 5170 aequalis
1459 5031 1670 5135 habetur
1712 5027 1949 5144 distantia,

97 5196 367 5332 nonaginta
402 5198 628 5305 videlicet
664 5200 859 5343 gradus
884 5187 1426 5339 secundum'quartam
1464 5199 1628 5306 circuli
1664 5195 1952 5336 portionem.

98 5365 301 5472 Omnes
339 5366 471 5472 enim
507 5390 665 5472 terrae
702 5367 928 5504 regiones
964 5369 1228 5476 inscribere
1254 5343 1520 5508 omniaque
1547 5391 1773 5505 tempora
1799 5365 1954 5472 detet-

97 5535 287 5641 minare
315 5558 387 5640 est
413 5537 659 5641 tediosum
684 5559 732 5644 et
757 5536 1110 5675 inexplicabile.
1151 5535 1325 5671 Quare
1358 5578 1449 5675 pro
1482 5534 1789 5672 temporibus
1822 5532 1955 5635 innu-

96 5705 247 5810 meris
283 5704 513 5810 meridies
549 5744 640 5842 pro
681 5705 818 5811 terris
858 5704 1055 5810 infinitis
1090 5704 1222 5811 ‘Arin
1260 5727 1490 5809 annotata
1527 5726 1655 5822 sunt,
1681 5742 1741 5809 eo
1777 5699 1956 5806 scilicet

96 5895 270 5978 tenore
295 5895 349 5978 ut
375 5874 440 5977 ab
466 5872 559 5978 hac
585 5872 746 5979 radice
780 5912 871 6010 per
907 5875 1101 6010 regulas
1137 5872 1507 6010 geometricales
1544 5894 1591 5976 et
1628 5867 1955 5975 arithmeticas

96 6061 295 6147 coetera
332 6041 557 6177 regiones
593 6063 642 6146 et
678 6064 903 6180 tempora
939 6042 1266 6148 determinare
1304 6080 1404 6145 non
1440 6040 1498 6145 sit
1535 6038 1743 6144 difficile.
1767 6122 1789 6154 „

899 6258 1162 6388 ss'xrxs
