4764 7176
311 546 357 611 de
379 546 527 612 minutis·
540 543 748 613 diversitatis
771 556 934 630 aspectus
951 556 985 610 et
1007 545 1117 612 addes
1141 549 1210 613 hoc
1232 513 1338 634 snper
1360 548 1397 616 id
1418 550 1532 635 ipsum
1556 562 1591 616 et
1612 551 1759 620 habebis
1783 554 2030 622 diuersitatem
2047 539 2156 643 longi-

310 660 437 727 tudinis
471 672 644 749 equatam.
690 657 816 726 Diuide
850 681 928 726 eam
962 683 1026 748 per
1060 663 1145 730 buth
1185 674 1220 727 et
1257 660 1353 752 quod
1387 665 1493 733 exibit
1527 677 1629 732 erunt
1662 667 1747 733 bore
1782 666 1997 734 diuersitatis
2040 669 2156 754 prime.

309 778 353 868 Ε
375 777 484 856 Quod
505 779 535 846 si
557 779 649 847 inter
672 778 785 845 locum
809 775 890 842 lune
920 788 955 843 et
983 777 1135 864 gradum
1157 778 1405 845 ascendentem
1432 779 1558 846 luerint
1580 781 1764 866 pauciores
1795 784 1839 850 90
1861 783 2035 851 subtrahe
2059 782 2156 850 horas

310 893 488 980 predictas
509 915 530 960 a
553 893 632 960 loco
666 892 776 978 prime
812 892 1063 959 coniunctionis
1087 904 1121 959 et
1150 895 1179 958 si
1209 905 1290 960 sunt
1313 894 1441 979 plures,
1465 894 1569 962 adde.
1591 894 1635 984 Ε
1658 895 1746 962 Item
1770 896 1842 962 eius
1865 897 1963 983 quod
1986 908 2075 986 post
2102 896 2156 964 ad·

310 1011 480 1078 dicionem
502 1012 560 1076 uel
583 1008 855 1077 subtractionem
878 1010 1083 1075 remanserit
1105 1009 1197 1075 scias
1213 1010 1340 1076 iterato
1355 1010 1609 1099 longitudinem
1632 1031 1751 1077 eorum
1766 1034 1788 1076 a
1810 1012 1969 1080 meridie.
2006 1012 2058 1077 Et
2072 1012 2156 1078 intra

185 1155 188 1161 ·
310 1127 438 1193 iterato
461 1125 610 1192 eandem
632 1124 789 1217 tabulam
811 1122 947 1190 scilicet
969 1123 1179 1190 diuersitatis
1202 1136 1365 1211 aspectus
1387 1137 1423 1191 et
1445 1125 1537 1191 scias
1560 1125 1800 1192 diuersitatern
1832 1127 1914 1194 lune
1946 1128 1982 1192 in
2008 1126 2157 1215 longitu-

312 1242 392 1308 dine
415 1241 487 1306 eius
521 1252 556 1307 et
587 1261 680 1327 equa
715 1260 793 1307 eam
824 1261 903 1306 cum
926 1239 1065 1306 minutis
1099 1241 1190 1306 linee
1224 1251 1348 1327 quarte
1383 1252 1418 1307 et
1452 1240 1597 1310 habebis
1632 1242 1736 1308 horas
1766 1243 1980 1309 diuersitatis
2006 1244 2158 1309 secunde

312 1354 418 1423 Adde
439 1356 546 1446 igitur
568 1355 637 1422 hoc
660 1355 718 1422 uel
741 1355 917 1435 subtrahe,
947 1362 986 1422 ut
1006 1356 1204 1442 predictum
1228 1367 1280 1423 est
1310 1357 1355 1424 ab
1385 1357 1479 1423 horis
1502 1358 1613 1444 prime
1636 1332 1886 1425 coniunctionis
1916 1357 2014 1424 sicut
2046 1358 2155 1424 iecisti

312 1472 408 1559 prius
432 1483 467 1539 et
488 1471 635 1540 habebis
657 1470 764 1537 horas
798 1470 1048 1538 coniunctionis
1083 1472 1248 1538 secunde.
1267 1471 1314 1561 Ε
1335 1470 1435 1539 Scias
1466 1473 1570 1539 etiam
1585 1476 1628 1539 ¹3⁰
1657 1474 1908 1564 longitudinem
1941 1475 2156 1542 horaruma

313 1588 457 1656 meridie
479 1598 515 1655 et
537 1586 592 1653 sac
614 1586 842 1654 consimiliter
865 1586 954 1653 sicut
976 1586 1072 1673 prius
1102 1598 1137 1653 et
1166 1587 1264 1675 quod
1286 1587 1393 1672 exibit
1416 1600 1516 1656 erunt
1545 1588 1632 1656 hore
1663 1590 1874 1657 diuersitatis
1897 1591 2020 1659 tertie.
2058 1587 2156 1659 Adde

312 1723 397 1791 ergo
419 1703 487 1770 hoc
509 1701 567 1768 uel
581 1691 697 1767 lninue
713 1702 758 1769 ab
773 1701 866 1768 horis
880 1702 992 1787 prime
1008 1700 1260 1768 coniunctionis
1275 1702 1364 1768 sicut
1380 1702 1494 1769 iecisti
1510 1703 1624 1788 primo
1638 1716 1672 1771 et
1695 1706 1862 1786 secundo,
1881 1706 1919 1774 id
1936 1707 2040 1794 quod
2055 1707 2156 1774 exibit

312 1831 415 1887 erunt
446 1819 531 1884 hore
565 1816 679 1884 medie
713 1816 853 1903 eclipsis
886 1817 1077 1883 secundum
1104 1828 1259 1883 nostrum
1293 1828 1485 1901 aspectum.
1519 1818 1639 1904 Dupla
1668 1816 1782 1886 horas*
1805 1821 2024 1889 diuersitatis
2058 1823 2157 1889 tercie

312 1956 375 2022 per
398 1945 528 2001 motum
550 1934 633 1999 lune
664 1943 699 1998 et
728 1931 811 1999 solis
832 1933 868 1997 in
893 1933 928 1997 1·
955 1931 1041 1998 hora
1062 1931 1182 1998 similis
1206 1931 1458 1999 coniunctionis
1486 1945 1532 2017 et¹
1551 1934 1647 2021 quod
1670 1934 1752 2001 inde
1774 1937 1960 2023 proueniet
1992 1938 2157 2005 subtrahe

313 2073 334 2115 a
356 2050 436 2116 loco
459 2049 708 2116 coniunctionis
730 2048 759 2113 si
782 2049 865 2113 luna
887 2059 969 2113 tunc
992 2059 1047 2115 est
1069 2047 1114 2114 ab
1139 2048 1353 2114 ascendente
1376 2049 1487 2116 minor
1510 2049 1555 2115 de
1579 2051 1621 2116 90
1644 2050 1702 2117 uel
1726 2049 1817 2118 adde
1839 2050 1930 2117 illud
1953 2052 1986 2118 si
2011 2063 2068 2118 est
2083 2053 2155 2140 plus

313 2177 349 2234 at
372 2166 466 2254 quod
487 2177 567 2252 post
596 2165 663 2233 hec
691 2163 806 2231 omnia
829 2144 1033 2230 remanserit
1066 2175 1166 2230 erunt
1199 2166 1287 2232 hore
1321 2164 1433 2230 medie
1468 2164 1608 2251 eclipsis
1631 2186 1715 2233 uere
1749 2178 1784 2233 et
1819 2167 1917 2233 locus
1948 2167 1987 2232 in
2012 2167 2157 2235 zodiaco

312 2280 452 2349 uisionis
474 2279 625 2366 eclipsis.
646 2278 691 2369 Ε
712 2277 813 2345 Scias
835 2278 940 2344 etiam
955 2279 1071 2345 locum
1094 2278 1217 2365 capitis
1242 2279 1403 2345 draconis
1418 2280 1454 2343 in
1476 2266 1570 2345 horis
1589 2279 1661 2355 ,illis
1684 2291 1720 2348 et
1742 2281 1835 2347 adde
1858 2281 1925 2347 hoc
1948 2297 2155 2372 argumento

95 2435 107 2464 c
155 2436 169 2465 r
191 2434 237 2468 ω,
265 2454 272 2468 ,
312 2393 504 2462 latitudinis
526 2395 555 2460 si
576 2394 773 2460 coniunctio
795 2393 939 2461 uisibilis
963 2405 1015 2460 est
1036 2405 1116 2479 post
1137 2415 1268 2473 ueram,
1285 2394 1342 2459 uel
1358 2394 1524 2460 subtrahe
1544 2395 1550 2479 Ι
1569 2395 1718 2462 siluerit
1748 2417 1940 2464 econuerso
1963 2409 2004 2464 et
2028 2399 2081 2465 sic
2102 2402 2157 2466 hs·

310 2510 409 2609 bebis
433 2521 674 2600 argumentum
694 2509 885 2576 latitudinis
901 2510 948 2575 ad
970 2509 1193 2576 medietatem
1217 2511 1365 2596 eclipsis.
1388 2507 1433 2601 Ε
1455 2510 1552 2576 Intra
1576 2532 1662 2600 ergo
1684 2532 1764 2578 cum
1786 2511 1854 2578 isto
1878 2527 2095 2602 argumento
2110 2527 2156 2579 ta·

313 2626 432 2694 bulam
466 2625 676 2693 diuersitatis
710 2636 874 2712 aspectus
897 2625 977 2691 lune
1008 2637 1043 2691 et
1072 2626 1162 2692 scias
1192 2626 1430 2692 diuersitatem
1453 2625 1594 2693 uisionis
1623 2626 1814 2694 latitudinis
1844 2628 1929 2708 eius,
1960 2640 2082 2695 utrum
2112 2630 2156 2695 ui·

148 2768 152 2776 ·
228 2816 231 2823 ‚
313 2743 445 2810 delicet
472 2741 517 2808 sit
543 2741 777 2808 meridionalis
809 2741 868 2809 uel
901 2740 1197 2827 septentrionalis.
1230 2739 1275 2833 Ε
1308 2739 1475 2808 Similiter
1507 2743 1598 2808 intra
1632 2763 1711 2809 cum
1744 2742 1838 2810 horis
1874 2742 1993 2809 medie
2023 2743 2156 2831 eclipsis

312 2858 466 2925 tabulam
489 2856 701 2925 diversitatis
723 2867 885 2943 aspectus
916 2867 950 2923 at
971 2855 1061 2923 scias
1090 2876 1154 2941 per
1183 2877 1263 2922 eam
1293 2856 1533 2943 diuersitatem
1561 2857 1753 2925 latitudinis
1783 2869 1818 2924 et
1847 2879 1939 2946 equa
1969 2879 2052 2925 eam
2083 2881 2155 2926 cum

314 2974 451 3058 minutis
472 2973 564 3039 linee
586 2976 620 3039 4ο
648 2992 719 3060 que
742 2970 883 3059 quidem
916 2971 1065 3039 latitudo
1097 2990 1236 3057 semper
1270 2982 1323 3037 est
1356 2971 1604 3039 meridionalis.
1626 2970 1671 3064 Ε
1692 2972 1792 3041 Scias
1825 2971 1931 3038 etiam
1961 2993 2029 3059 per
2056 2994 2155 3062 argu·

312 3101 466 3157 mentum
499 3087 690 3156 latitudinis
722 3073 938 3154 latitudinem
960 3088 1042 3154 lune
1073 3097 1108 3152 et
1130 3087 1159 3152 si
1182 3098 1234 3154 est
1265 3086 1496 3153 meridionalis
1514 3073 1613 3156 'adde
1636 3099 1745 3156 totam
1768 3087 1927 3179 simulet
1949 3088 1981 3154 si
2005 3099 2060 3154 est
2082 3109 2153 3175 sep

313 3204 540 3271 temtrionalis
561 3203 727 3270 subtrahe
750 3201 917 3269 minorem
932 3198 1088 3268 a‘maiori
1111 3212 1147 3271 et
1164 3201 1260 3289 quod
1283 3200 1391 3267 exibit
1414 3201 1479 3268 erit
1499 3202 1649 3270 latitudo
1668 3204 1751 3268 lune
1772 3203 1927 3270 uisibilis.
1957 3203 2063 3269 Intra
2077 3224 2154 3292 ergo

312 3321 466 3389 tabulam
496 3320 636 3407 eclipsis
659 3317 743 3386 solis
777 3317 911 3384 scilicet
942 3316 1099 3384 tabulam
1122 3316 1317 3383 latitudinis
1340 3317 1422 3382 lune
1453 3328 1524 3383 tam
1558 3311 1724 3407 loirgioris
1758 3339 1864 3407 quam
1898 3319 2155 3406 propinquioris

311 3437 498 3504 scribendo
520 3434 705 3523 quodlibet
727 3453 848 3501 eorum
863 3453 928 3519 per
950 3453 1000 3513 se,
1015 3432 1150 3500 scilicet
1165 3431 1270 3498 boras
1292 3442 1329 3496 et
1351 3431 1481 3519 digitos
1504 3432 1646 3518 eclipsis
1661 3444 1696 3498 et
1718 3432 1801 3500 uide
1815 3432 2058 3500 differentiam
2074 3435 2154 3500 inter

313 3574 366 3618 ea.
397 3549 495 3618 Scias
518 3551 624 3617 etiam
646 3559 889 3637 argumentum
911 3548 992 3614 lune
1015 3558 1051 3615 et
1071 3547 1163 3613 intra
1186 3567 1265 3612 curn
1297 3567 1339 3612 eo
1369 3547 1526 3614 tabulam
1548 3548 1743 3635 equationis
1766 3547 1906 3634 eclipsis
1935 3549 2153 3615 luminarium

310 3667 401 3733 idest
423 3665 581 3733 tabulam
604 3664 800 3752 equationis
822 3663 942 3750 equati
965 3663 1023 3729 vel
1053 3661 1292 3750 proporcionis
1315 3666 1414 3747 per2
1437 3684 1490 3751 gr.
1520 3673 1555 3727 et
1580 3662 1700 3730 uideas
1724 3663 1855 3730 minuta
1877 3665 2154 3751 ¹proportionalia

312 3802 382 3869 que
405 3792 486 3846 aunt
514 3781 550 3846 in
580 3781 715 3847 directo
737 3779 828 3844 illius
851 3779 985 3845 numeri
1008 3777 1145 3846 scilicet
1167 3777 1363 3866 argumenti
1393 3777 1438 3843 de
1469 3778 1607 3844 minutis
1631 3777 1857 3868 longitudinis
1880 3791 1916 3846 et
1938 3779 2049 3846 talem
2082 3801 2154 3866 pro-

313 3897 514 3984 porcionem
537 3896 677 3984 qualem
692 3894 826 3962 habent
849 3895 911 3962 illa
933 3895 1069 3960 minuta
1093 3894 1139 3960 ad
1164 3895 1206 3960 60
1229 3893 1352 3979 accipe
1369 3894 1414 3960 de
1436 3894 1574 3959 minutis
1597 3894 1806 3962 differencie
1828 3907 1863 3961 et
1886 3894 1983 3962 adde
1999 3896 2069 3970 hoc
2084 3917 2156 3962 cum

312 4034 354 4079 eo
378 4012 474 4099 quod
495 4011 688 4098 scripseras
710 4012 756 4077 de
777 4008 998 4099 longitudine
1022 4007 1171 4098 longiori
1194 4020 1230 4075 et
1251 4008 1395 4076 habebis
1418 4029 1599 4074 numerum
1623 4009 1812 4098 digitorum
1834 4009 1976 4095 eclipsis
1999 4009 2154 4076 diametri

311 4105 394 4194 solis
428 4138 463 4193 et
497 4127 638 4192 modum
671 4125 778 4193 etiam
809 4146 931 4192 cursus
965 4147 987 4192 a
1020 4123 1193 4211 principio
1216 4121 1353 4209 eclipsis
1387 4144 1499 4211 usque
1531 4125 1565 4188 in
1596 4126 1699 4191 finem
1723 4124 1806 4193 eius.

829 4453 1073 4554 EXPllClT
1116 4466 1410 4554 DOCTRINA
1455 4467 1641 4553 CANO·

901 4663 1025 4749 uun
1051 4663 1219 4749 surra
1248 4666 1567 4751 nruauncu

825 4906 836 4919 -x
923 4877 929 4889 ·
979 4850 1332 4938 ransaruuu
1373 4853 1485 4938 ou-

1050 5036 1192 5122 uruu
1224 4986 1415 5122 rinus-

1135 5223 1332 5309 runnu

1212 5400 1258 5597 l
