4764 7176
355 602 428 690 tra
462 575 823 688 successionem
859 574 1138 711 signorum;
1166 611 1314 678 verus
1337 593 1507 678 autem
1531 575 1808 681 secundum
1845 575 2226 684 successionem

354 749 620 887 signorum,
658 744 724 853 ita
758 765 813 850 ut
849 741 1041 850 numeri
1077 740 1179 848 ven'
1214 779 1388 845 cursus
1418 740 1565 848 lunae
1601 764 1651 848 et
1686 745 1837 851 medii
1863 783 2072 850 cursus
2096 744 2224 851 simul

352 912 546 1027 conflati
583 920 692 1043 360ο
728 911 1022 1022 constituant
1058 909 1160 1017 sive
1195 946 1239 1012 12
1274 908 1428 1045 signa.
1463 908 1663 1017 Tabula
1697 912 1858 1048 prima
1896 910 2112 1018 indicat
2146 953 2224 1020 me

353 1081 491 1191 dium
527 1119 727 1192 cursum
764 1081 911 1188 lunae
946 1101 996 1185 et
1030 1116 1208 1185 verum
1243 1115 1446 1184 cursum
1481 1099 1573 1215 per
1608 1077 1826 1216 singulos
1862 1119 2049 1185 annos
2094 1081 2222 1186 totius

353 1249 664 1361 revolutionis
699 1256 754 1377 76
789 1286 1034 1356 annorum
1070 1266 1119 1355 et
1153 1240 1371 1383 insuper,
1410 1265 1465 1349 ut
1499 1246 1702 1366 radices,
1728 1247 1844 1353 anni
1871 1285 2008 1376 1300
2039 1271 2096 1355 et
2121 1287 2219 1383 1299.

352 1417 498 1542 Nam,
542 1418 611 1526 uti
652 1417 701 1526 in
743 1414 1012 1526 canonibus
1052 1413 1245 1533 dicitur,
1284 1452 1523 1519 numerus
1563 1413 1842 1523 indirecto
1887 1417 2150 1525 inventus
2184 1419 2219 1523 in

352 1587 569 1700 secunda
600 1585 768 1695 tabula
802 1585 866 1692 ad
903 1622 1098 1690 menses
1135 1603 1185 1688 et
1219 1581 1284 1688 ad
1319 1579 1426 1688 dies
1460 1581 1646 1690 addere
1683 1582 1762 1689 vel
1796 1584 2122 1692 subtrahere
2156 1588 2219 1694 de

351 1757 440 1867 bes
475 1755 540 1865 ab
577 1798 637 1865 eo
673 1751 830 1896 quiin
855 1751 1014 1891 pn'ma
1049 1751 1217 1857 tabula
1237 1747 1449 1856 habetur
1473 1749 1733 1888 inscriptus
1769 1751 1819 1856 in
1853 1792 2005 1858 anno
2031 1792 2217 1891 praece

350 1925 498 2035 denti.
527 1921 649 2059 Quo
684 1921 866 2031 lactum
903 1909 977 2028 est
1000 1918 1137 2059 quod
1162 1917 1212 2023 in
1235 1957 1367 2050 anno
1391 1952 1505 2045 1300
1527 1919 1721 2025 numeri
1745 1920 1811 2025 ad
1837 1959 2061 2053 menses
2094 1925 2217 2028 etad

351 2093 455 2203 dies
478 2091 593 2200 addi
619 2093 697 2199 vel
735 2086 954 2197 subtrahi
990 2085 1177 2195 debent
1211 2127 1242 2190 a
1278 2085 1441 2193 radice
1477 2085 1590 2192 anni
1627 2124 1745 2220 1299.
1784 2087 2040 2197 Habetur
2082 2115 2136 2198 et
2169 2113 2216 2196 ta

349 2261 467 2370 bula
502 2256 762 2370 latitudinis
798 2256 944 2363 lunae
979 2255 1029 2362 in
1064 2294 1165 2395 qua
1198 2254 1405 2360 intratur
1440 2292 1531 2391 per
1565 2254 1705 2392 signa
1741 2275 1791 2362 et
1827 2257 2049 2393 gradus
2101 2254 2214 2367 Lati

350 2433 469 2539 tudo
506 2424 892 2569 septentrionalis
929 2423 1087 2532 estin
1124 2422 1274 2562 signis
1309 2460 1358 2543 0,
1398 2460 1428 2542 1,
1467 2459 1505 2541 2,
1541 2459 1583 2549 -3,
1619 2467 1666 2556 4,
1700 2457 1751 2550 5:
1787 2425 2145 2534 meridionalis
2177 2430 2213 2533 in

222 2714 227 2730 ‚
350 2596 559 2739 reliquis.
599 2597 976 2737 Argumentum
1012 2590 1273 2698 latitudinis
1308 2591 1455 2699 lunae
1491 2629 1582 2728 per
1618 2633 1672 2699 se
1708 2613 1781 2698 est
1817 2592 1969 2698 arcub
2012 2595 2212 2736 longitu-

348 2765 486 2875 dinis
527 2761 664 2873 Cum
687 2783 855 2871 autem
880 2761 1081 2869 denotet
1107 2779 1350 2899 quantum
1386 2757 1531 2865 distet
1568 2760 1683 2864 luna
1717 2801 1748 2865 a
1772 2759 1934 2898 capite
1967 2762 2210 2882 draconis,

347 2978 377 3042 a
413 2932 664 3042 latitudine
700 2968 902 3071 quoque
938 2927 1178 3066 dependit
1203 2949 1252 3035 ct
1278 2966 1391 3035 eam
1416 2925 1689 3065 significare
1722 2947 1896 3065 potest,
1924 2930 2211 3069 dummodo

348 3102 516 3212 tabula
549 3099 800 3240 quaedam
834 3096 1018 3237 gradus
1054 3094 1496 3234 correspondentes
1531 3094 1727 3202 indicet.

731 3558 867 3636 Modra
883 3557 1066 3661 faciendi
1088 3559 1231 3632 tabulas
1257 3561 1560 3677 argumentorum
1587 3563 1809 3655 aquatorum.

453 3770 542 3863 Peg.
566 3774 598 3852 o,
621 3769 680 3839 lin.
703 3787 754 3856 μ.
777 3765 982 3836 Notandum
1007 3767 1104 3854 quod
1128 3764 1279 3853 expletis
1300 3765 1428 3832 tabulis
1458 3768 1656 3856 argumenti
1686 3770 1751 3835 294
1783 3770 1955 3839 mensium
1981 3775 2202 3845 luminarium

345 3874 403 3966 qul
424 3884 505 3943 sunt
527 3874 570 3940 at
593 3870 675 3938 anni
698 3881 733 3938 et
756 3871 776 3938 o
800 3888 949 3949 menses,
972 3868 1031 3955 qni
1054 3878 1135 3934 sunt
1149 3886 1270 3936 omnes
1285 3866 1425 3934 lunares
1441 3868 1536 3937 adde
1551 3860 1661 3955 snper
1677 3883 1920 3961 argumentum
1937 3874 2056 3945 lunae
2074 3882 2122 3947 30
2136 3904 2203 3970 gra·

344 3976 410 4045 dus
424 3975 498 4043 sive
517 3975 531 4042 l
548 3974 697 4066 signum,
719 3972 768 4039 ita
783 3969 880 4060 quod
902 3970 930 4038 si
952 3981 1033 4037 sunt
1055 3974 1075 4036 2
1099 3989 1191 4057 pone
1214 3970 1298 4050 3,·si
1321 3973 1342 4038 3
1357 3990 1450 4057 pone
1466 3973 1486 4038 4
1510 3983 1546 4038 et
1567 3973 1618 4039 sic
1634 3973 1679 4040 de
1695 3973 1772 4040 aliis
1787 3986 1823 4042 et
1838 3975 2004 4045 invenies
2020 4003 2201 4072 argnmen

344 4090 417 4148 tum
433 4086 597 4168 squatum
612 4075 661 4145 ad
676 4073 763 4144 alios
788 4075 1004 4142 corinenses
1020 4084 1056 4139 et
1070 4072 1122 4140 sic
1136 4092 1278 4158 semper
1300 4073 1394 4142 adde
1417 4095 1528 4162 usque
1551 4075 1599 4142 ad
1617 4076 1657 4142 12
1673 4076 1923 4160 revolutiones,
1947 4103 2052 4170 quae
2077 4086 2200 4154 iaciunt

344 4199 453 4251 annos
476 4179 617 4248 lunares
640 4179 704 4247 29⁴
729 4187 764 4245 st
787 4187 869 4247 tunc
891 4173 1058 4243 redibunt
1079 4173 1224 4242 tabulae
1247 4174 1296 4243 ad
1315 4174 1431 4244 locum
1454 4177 1614 4264 primum,
1637 4200 1706 4247 uno
1729 4191 1864 4247 tantum
1885 4184 2012 4271 gradu
2036 4201 2198 4277 excepto:

342 4281 436 4352 adds
465 4298 553 4373 erpo
582 4283 595 4350 l
626 4299 681 4371 gr.
703 4291 739 4347 et
761 4275 908 4347 hebebis
930 4288 1174 4371 argumentum
1198 4288 1363 4367 squatum
1386 4277 1433 4346 ad
1456 4278 1546 4345 alios
1570 4282 1635 4347 294
1659 4293 1694 4346 et
1718 4282 1768 4348 sic
1790 4303 1931 4370 semper
1955 4290 2197 4372 procedendo.

449 4381 613 4454 Similiter
634 4392 773 4472 oportet
787 4379 884 4472 quod
899 4378 1098 4449 subscribas
1113 4400 1295 4448 numerum
1310 4380 1437 4447 mensis
1454 4379 1579 4448 solaris
1595 4387 1704 4470 qu'ota
1721 4383 1779 4453 die
1794 4383 1900 4452 intrat
1914 4385 1952 4451 in
1969 4409 2059 4457 eum
2076 4393 2195 4461 mensis

343 4485 472 4556 lunaris
502 4496 540 4554 ut
566 4483 629 4554 tibi
655 4484 700 4552 sit
726 4483 866 4552 facilius
888 4481 1044 4550 invenire
1065 4482 1162 4571 quod
1184 4482 1375 4552 desideras.
1400 4479 1459 4551 Ad
1483 4483 1658 4574 hoc'ergo
1680 4486 1860 4554 sciendum
1884 4486 1982 4556 adde
2006 4513 2124 4581 super
2144 4518 2196 4561 nn·

341 4609 472 4658 merum
496 4586 682 4657 eulusllbet
704 4585 814 4656 leriae
837 4588 858 4653 2
881 4595 916 4651 et
939 4574 1086 4652 habebis
1109 4583 1201 4651 diem
1224 4584 1259 4650 in
1283 4607 1353 4673 qua
1377 4586 1483 4652 intrat
1503 4587 1630 4654 mensis
1656 4588 1788 4656 lunaris
1814 4587 1981 4673 solarem,
2005 4594 2062 4662 ita
2091 4609 2195 4665 tamen

342 4690 436 4782 quod
457 4690 493 4758 in
514 4689 678 4759 addendo
700 4708 882 4757 numerum
905 4687 1142 4774 septenarium
1165 4706 1234 4753 non
1256 4688 1416 4767 excedat,
1432 4688 1496 4754 sed
1518 4689 1546 4754 si
1571 4690 1708 4775 precise
1732 4712 1811 4757 enm
1833 4688 2005 4762 habueris
2027 4699 2195 4781 sennes

341 4793 459 4882 plures
481 4792 697 4864 amoverint
719 4790 831 4860 obiice
856 4789 887 4871 7,
908 4787 1085 4858 residuum
1108 4789 1299 4859 retinendo.

447 5041 675 5152 Tabulae
709 5040 911 5151 Profacii
946 5083 977 5149 a
1012 5081 1061 5148 22
1098 5041 1267 5150 Martii
1301 5077 1413 5172 1300
1449 5049 1727 5184 procedunt
1760 5089 1921 5189 usquc
1954 5055 2027 5161 ad
2067 5059 2195 5167 diem

340 5226 395 5324 28
434 5212 615 5322 mensis
658 5209 1073 5362 Decemb.·13a3;
1119 5214 1513 5354 complectuntur.
1556 5215 1705 5354 igitur
1745 5216 1853 5364 dies
1894 5227 2019 5328 8682
2067 5229 2195 5358 (nam

340 5378 2193 5524 365><24÷5bissext-3d.Dec.-31Jan.—28Febr.-21Mart‚=8765

339 5612 377 5628 -
395 5560 450 5679 83
467 5608 506 5635 -
523 5551 656 5677 8682)
680 5545 859 5656 scilicet
882 5583 972 5683 294
995 5547 1268 5657 lunationes
1294 5550 1521 5682 (alternis,
1551 5590 1610 5681 30
1635 5555 1812 5663 diebus
1840 5577 1889 5662 et
1913 5594 1972 5690 29
2000 5560 2193 5692 diebus)

338 5740 388 5827 et
418 5714 525 5825 dies
553 5752 598 5850 9.
636 5714 765 5823 Sunt
795 5755 916 5857 ergo
938 5715 1285 5827 hebdomadae
1309 5757 1421 5854 1240
1455 5741 1504 5828 et
1534 5723 1638 5827 duo
1669 5724 1800 5831 dies:
1834 5746 1882 5832 et
1912 5751 2041 5864 post·
2071 5733 2193 5840 hanc

336 5881 691 5993 revolutionem
707 5884 974 5992 'exordium
1003 5884 1259 5993 lunationis
1293 5889 1491 5995 duobus
1525 5889 1652 5998 fcn'is
1688 5892 1874 6000 tardius
1908 5897 2063 6009 redit
2105 5902 2192 6010 As·

334 6071 632 6192 gumentum
657 6072 825 6161 autem
847 6049 1010 6162 differt
1034 6088 1093 6182 30
1116 6053 1354 6194 gradibus
1375 6080 1461 6163 aut
1492 6098 1592 6166 uno
1620 6058 1774 6199 signo.
1807 6059 1944 6203 Hinc
1967 6070 2190 6210 sequitu

1114 6307 1402 6401 &XXXQQ
